|0000|003|0|0||01092014|30092014|EMPRESA MATRIZ PARA TESTEz|00000000000191|DF|5300108||00|2|
|0001|0|
|0100|NOME CONTADOR|22222222222|666999|00000000000191|60789548|RUA|123|COMPLEMENTO|BAIRRO|0615555555|0618877995|CONTADOR@GMAIL.COM|5300108|
|0110|1|1|1||
|0140|MATRIZ|EMPRESA MATRIZ PARA TESTEz|00000000000191|DF||5300108|||
|0400|1|VENDA|
|0400|2|VENDA|
|0400|3|VENDA|
|0400|4|VENDA|
|0400|5|VENDA|
|0400|6|PRESTACAO DE SERVICO|
|0400|7|PRESTACAO DE SERVICO|
|0400|8|descricao nf teste1|
|0990|14|
|A001|1|
|A990|2|
|C001|0|
|C010|00000000000191|2|
|C990|3|
|D001|1|
|D990|2|
|F001|1|
|F990|2|
|M001|1|
|M990|2|
|1001|0|
|1990|2|
|9001|0|
|9900|0000|1|
|9900|0001|1|
|9900|0100|1|
|9900|0110|1|
|9900|0140|1|
|9900|0400|8|
|9900|0990|1|
|9900|A001|1|
|9900|A990|1|
|9900|C001|1|
|9900|C010|1|
|9900|C990|1|
|9900|D001|1|
|9900|D990|1|
|9900|F001|1|
|9900|F990|1|
|9900|M001|1|
|9900|M990|1|
|9900|1001|1|
|9900|1990|1|
|9900|9001|1|
|9900|9900|24|
|9900|9990|1|
|9900|9999|1|
|9990|27|
|9999|54|
