|0000|003|0|0||01082014|31082014|EMPRESA MATRIZ PARA TESTEz|00000000000191|DF|5300108||00|2|
|0001|0|
|0100|NOME CONTADOR|22222222222|666999|00000000000191|60789548|RUA|123|COMPLEMENTO|BAIRRO|0615555555|0618877995|CONTADOR@GMAIL.COM|5300108|
|0110|1|1|1||
|0140|MATRIZ|EMPRESA MATRIZ PARA TESTEz|00000000000191|DF||5300108|||
|0150|C1|TESTE PESSOA FISICA|01058||11111111111|1234567|5300108|0|LOGRADOURO PESSOA FISICA|2|COMPLEMENTO|BAIRRO|
|0190|1|UN|
|0190|2|UN|
|0200|1|PRODUTO 01 DO SUBGRUPO 01 DO GRUPO 01|7896019606226||1|00|17049010||17||17,00|
|0200|2|PRODUTO 01 DO SUBGRUPO 02 DO GRUPO 01|7897975018016||2|00|48234000||48||15,00|
|0200|3|555666|5556667||1|00|82121020||82||0,00|
|0200|4|66666666|66666666666||1|00|82121020||82||0,00|
|0400|1|VENDA|
|0400|2|VENDA|
|0400|3|VENDA|
|0400|4|VENDA|
|0400|5|VENDA|
|0400|6|PRESTACAO DE SERVICO|
|0400|7|PRESTACAO DE SERVICO|
|0400|8|descricao nf teste1|
|0990|21|
|A001|1|
|A990|2|
|C001|0|
|C010|00000000000191|2|
|C100|1|0|C1|55|00|001|000000022|53140800000000000191550010000000221000000226|02082014|02082014|11,00|0|0,00|0,00|11,00|0|0,00|0,00|0,00|0,00|0,00|0,00|0,00|0,00|0,00|0,00|0,00|0,00|
|C170|2|5556667|555666|1,00000|1|5,00|0,00|0|000|5101|2|0,00|17,00|0,00|0,00|0,00|0,00|0|00||0,00|0,00|0,00|01|0,00|0,6500|||0,00|01|0,00|3,0000|||0,00||
|C170|1|7896019606226|PRODUTO 01 DO SUBGRUPO 01 DO GRUPO 01|1,00000|1|6,00|0,00|0|000|5101|2|0,00|17,00|0,00|0,00|0,00|0,00|0|00||0,00|0,00|0,00|01|0,00|0,6500|||0,00|01|0,00|3,0000|||0,00||
|C170|2|5556667|555666|1,00000|1|5,00|0,00|0|000|5101|2|0,00|17,00|0,00|0,00|0,00|0,00|0|00||0,00|0,00|0,00|01|0,00|0,6500|||0,00|01|0,00|3,0000|||0,00||
|C100|1|0|F0|55|00|001|000000009|53140800000000000191550010000000091000000097|02082014|02082014|0,00|0|0,00|0,00|0,00|0|0,00|0,00|0,00|0,00|0,00|0,00|0,00|0,00|0,00|0,00|0,00|0,00|
|C100|1|0|F0|55|00|001|000000010|53140800000000000191550010000000101000000101|02082014|02082014|0,00|0|0,00|0,00|0,00|0|0,00|0,00|0,00|0,00|0,00|0,00|0,00|0,00|0,00|0,00|0,00|0,00|
|C100|1|0|F0|55|00|001|000000011|53140800000000000191550010000000111000000117|02082014|02082014|0,00|0|0,00|0,00|0,00|0|0,00|0,00|0,00|0,00|0,00|0,00|0,00|0,00|0,00|0,00|0,00|0,00|
|C100|1|0|F0|55|00|001|000000012|53140800000000000191550010000000121000000122|02082014|02082014|0,00|0|0,00|0,00|0,00|0|0,00|0,00|0,00|0,00|0,00|0,00|0,00|0,00|0,00|0,00|0,00|0,00|
|C100|1|0|F0|55|00|001|000000013|53140800000000000191550010000000131000000138|02082014|02082014|0,00|0|0,00|0,00|0,00|0|0,00|0,00|0,00|0,00|0,00|0,00|0,00|0,00|0,00|0,00|0,00|0,00|
|C100|1|0|C1|55|00|001|000000014|53140800000000000191550010000000141000000143|02082014|02082014|0,00|0|0,00|0,00|0,00|0|0,00|0,00|0,00|0,00|0,00|0,00|0,00|0,00|0,00|0,00|0,00|0,00|
|C100|1|0|C1|55|00|001|000000015|53140800000000000191550010000000151000000159|02082014|02082014|0,00|0|0,00|0,00|0,00|0|0,00|0,00|0,00|0,00|0,00|0,00|0,00|0,00|0,00|0,00|0,00|0,00|
|C100|1|0|F0|55|00|001|000000016|53140800000000000191550010000000161000000164|02082014|02082014|0,00|0|0,00|0,00|0,00|0|0,00|0,00|0,00|0,00|0,00|0,00|0,00|0,00|0,00|0,00|0,00|0,00|
|C100|1|0|C1|55|00|001|000000017|53140800000000000191550010000000171000000170|02082014|02082014|12,00|0|0,00|0,00|12,00|0|0,00|0,00|0,00|0,00|0,00|0,00|0,00|0,00|0,00|0,00|0,00|0,00|
|C170|1|7896019606226|PRODUTO 01 DO SUBGRUPO 01 DO GRUPO 01|2,00000|1|12,00|0,00|0|000|5101|2|0,00|17,00|0,00|0,00|0,00|0,00|0|00||0,00|0,00|0,00|01|0,00||||0,00|01|0,00||||0,00||
|C170|1|7896019606226|PRODUTO 01 DO SUBGRUPO 01 DO GRUPO 01|2,00000|1|12,00|0,00|0|000|5101|2|0,00|17,00|0,00|0,00|0,00|0,00|0|00||0,00|0,00|0,00|01|0,00|0,6500|||0,00|01|0,00||||0,00||
|C170|1|7896019606226|PRODUTO 01 DO SUBGRUPO 01 DO GRUPO 01|2,00000|1|12,00|0,00|0|000|5101|2|0,00|17,00|0,00|0,00|0,00|0,00|0|00||0,00|0,00|0,00|01|0,00||||0,00|01|0,00||||0,00||
|C170|1|7896019606226|PRODUTO 01 DO SUBGRUPO 01 DO GRUPO 01|2,00000|1|12,00|0,00|0|000|5101|2|0,00|17,00|0,00|0,00|0,00|0,00|0|00||0,00|0,00|0,00|01|0,00|0,6500|||0,00|01|0,00||||0,00||
|C170|1|7896019606226|PRODUTO 01 DO SUBGRUPO 01 DO GRUPO 01|2,00000|1|12,00|0,00|0|000|5101|2|0,00|17,00|0,00|0,00|0,00|0,00|0|00||0,00|0,00|0,00|01|0,00||||0,00|01|0,00||||0,00||
|C170|1|7896019606226|PRODUTO 01 DO SUBGRUPO 01 DO GRUPO 01|2,00000|1|12,00|0,00|0|000|5101|2|0,00|17,00|0,00|0,00|0,00|0,00|0|00||0,00|0,00|0,00|01|0,00|0,6500|||0,00|01|0,00||||0,00||
|C170|1|7896019606226|PRODUTO 01 DO SUBGRUPO 01 DO GRUPO 01|2,00000|1|12,00|0,00|0|000|5101|2|0,00|17,00|0,00|0,00|0,00|0,00|0|00||0,00|0,00|0,00|01|0,00||||0,00|01|0,00||||0,00||
|C170|1|7896019606226|PRODUTO 01 DO SUBGRUPO 01 DO GRUPO 01|2,00000|1|12,00|0,00|0|000|5101|2|0,00|17,00|0,00|0,00|0,00|0,00|0|00||0,00|0,00|0,00|01|0,00|0,6500|||0,00|01|0,00||||0,00||
|C170|1|7896019606226|PRODUTO 01 DO SUBGRUPO 01 DO GRUPO 01|2,00000|1|12,00|0,00|0|000|5101|2|0,00|17,00|0,00|0,00|0,00|0,00|0|00||0,00|0,00|0,00|01|0,00||||0,00|01|0,00||||0,00||
|C170|1|7896019606226|PRODUTO 01 DO SUBGRUPO 01 DO GRUPO 01|2,00000|1|12,00|0,00|0|000|5101|2|0,00|17,00|0,00|0,00|0,00|0,00|0|00||0,00|0,00|0,00|01|0,00|0,6500|||0,00|01|0,00||||0,00||
|C170|1|7896019606226|PRODUTO 01 DO SUBGRUPO 01 DO GRUPO 01|2,00000|1|12,00|0,00|0|000|5101|2|0,00|17,00|0,00|0,00|0,00|0,00|0|00||0,00|0,00|0,00|01|0,00||||0,00|01|0,00||||0,00||
|C170|1|7896019606226|PRODUTO 01 DO SUBGRUPO 01 DO GRUPO 01|2,00000|1|12,00|0,00|0|000|5101|2|0,00|17,00|0,00|0,00|0,00|0,00|0|00||0,00|0,00|0,00|01|0,00|0,6500|||0,00|01|0,00||||0,00||
|C170|1|7896019606226|PRODUTO 01 DO SUBGRUPO 01 DO GRUPO 01|2,00000|1|12,00|0,00|0|000|5101|2|0,00|17,00|0,00|0,00|0,00|0,00|0|00||0,00|0,00|0,00|01|0,00||||0,00|01|0,00||||0,00||
|C170|1|7896019606226|PRODUTO 01 DO SUBGRUPO 01 DO GRUPO 01|2,00000|1|12,00|0,00|0|000|5101|2|0,00|17,00|0,00|0,00|0,00|0,00|0|00||0,00|0,00|0,00|01|0,00|0,6500|||0,00|01|0,00||||0,00||
|C170|1|7896019606226|PRODUTO 01 DO SUBGRUPO 01 DO GRUPO 01|2,00000|1|12,00|0,00|0|000|5101|2|0,00|17,00|0,00|0,00|0,00|0,00|0|00||0,00|0,00|0,00|01|0,00||||0,00|01|0,00||||0,00||
|C170|1|7896019606226|PRODUTO 01 DO SUBGRUPO 01 DO GRUPO 01|2,00000|1|12,00|0,00|0|000|5101|2|0,00|17,00|0,00|0,00|0,00|0,00|0|00||0,00|0,00|0,00|01|0,00|0,6500|||0,00|01|0,00||||0,00||
|C170|1|7896019606226|PRODUTO 01 DO SUBGRUPO 01 DO GRUPO 01|2,00000|1|12,00|0,00|0|000|5101|2|0,00|17,00|0,00|0,00|0,00|0,00|0|00||0,00|0,00|0,00|01|0,00||||0,00|01|0,00||||0,00||
|C170|1|7896019606226|PRODUTO 01 DO SUBGRUPO 01 DO GRUPO 01|2,00000|1|12,00|0,00|0|000|5101|2|0,00|17,00|0,00|0,00|0,00|0,00|0|00||0,00|0,00|0,00|01|0,00|0,6500|||0,00|01|0,00||||0,00||
|C170|1|7896019606226|PRODUTO 01 DO SUBGRUPO 01 DO GRUPO 01|2,00000|1|12,00|0,00|0|000|5101|2|0,00|17,00|0,00|0,00|0,00|0,00|0|00||0,00|0,00|0,00|01|0,00||||0,00|01|0,00||||0,00||
|C170|1|7896019606226|PRODUTO 01 DO SUBGRUPO 01 DO GRUPO 01|2,00000|1|12,00|0,00|0|000|5101|2|0,00|17,00|0,00|0,00|0,00|0,00|0|00||0,00|0,00|0,00|01|0,00|0,6500|||0,00|01|0,00||||0,00||
|C170|1|7896019606226|PRODUTO 01 DO SUBGRUPO 01 DO GRUPO 01|2,00000|1|12,00|0,00|0|000|5101|2|0,00|17,00|0,00|0,00|0,00|0,00|0|00||0,00|0,00|0,00|01|0,00||||0,00|01|0,00||||0,00||
|C170|1|7896019606226|PRODUTO 01 DO SUBGRUPO 01 DO GRUPO 01|2,00000|1|12,00|0,00|0|000|5101|2|0,00|17,00|0,00|0,00|0,00|0,00|0|00||0,00|0,00|0,00|01|0,00|0,6500|||0,00|01|0,00||||0,00||
|C170|1|7896019606226|PRODUTO 01 DO SUBGRUPO 01 DO GRUPO 01|2,00000|1|12,00|0,00|0|000|5101|2|0,00|17,00|0,00|0,00|0,00|0,00|0|00||0,00|0,00|0,00|01|0,00||||0,00|01|0,00||||0,00||
|C170|1|7896019606226|PRODUTO 01 DO SUBGRUPO 01 DO GRUPO 01|2,00000|1|12,00|0,00|0|000|5101|2|0,00|17,00|0,00|0,00|0,00|0,00|0|00||0,00|0,00|0,00|01|0,00|0,6500|||0,00|01|0,00||||0,00||
|C170|1|7896019606226|PRODUTO 01 DO SUBGRUPO 01 DO GRUPO 01|2,00000|1|12,00|0,00|0|000|5101|2|0,00|17,00|0,00|0,00|0,00|0,00|0|00||0,00|0,00|0,00|01|0,00||||0,00|01|0,00||||0,00||
|C170|1|7896019606226|PRODUTO 01 DO SUBGRUPO 01 DO GRUPO 01|2,00000|1|12,00|0,00|0|000|5101|2|0,00|17,00|0,00|0,00|0,00|0,00|0|00||0,00|0,00|0,00|01|0,00|0,6500|||0,00|01|0,00||||0,00||
|C170|1|7896019606226|PRODUTO 01 DO SUBGRUPO 01 DO GRUPO 01|2,00000|1|12,00|0,00|0|000|5101|2|0,00|17,00|0,00|0,00|0,00|0,00|0|00||0,00|0,00|0,00|01|0,00||||0,00|01|0,00||||0,00||
|C170|1|7896019606226|PRODUTO 01 DO SUBGRUPO 01 DO GRUPO 01|2,00000|1|12,00|0,00|0|000|5101|2|0,00|17,00|0,00|0,00|0,00|0,00|0|00||0,00|0,00|0,00|01|0,00|0,6500|||0,00|01|0,00||||0,00||
|C170|1|7896019606226|PRODUTO 01 DO SUBGRUPO 01 DO GRUPO 01|2,00000|1|12,00|0,00|0|000|5101|2|0,00|17,00|0,00|0,00|0,00|0,00|0|00||0,00|0,00|0,00|01|0,00||||0,00|01|0,00||||0,00||
|C170|1|7896019606226|PRODUTO 01 DO SUBGRUPO 01 DO GRUPO 01|2,00000|1|12,00|0,00|0|000|5101|2|0,00|17,00|0,00|0,00|0,00|0,00|0|00||0,00|0,00|0,00|01|0,00|0,6500|||0,00|01|0,00||||0,00||
|C170|1|7896019606226|PRODUTO 01 DO SUBGRUPO 01 DO GRUPO 01|2,00000|1|12,00|0,00|0|000|5101|2|0,00|17,00|0,00|0,00|0,00|0,00|0|00||0,00|0,00|0,00|01|0,00||||0,00|01|0,00||||0,00||
|C170|1|7896019606226|PRODUTO 01 DO SUBGRUPO 01 DO GRUPO 01|2,00000|1|12,00|0,00|0|000|5101|2|0,00|17,00|0,00|0,00|0,00|0,00|0|00||0,00|0,00|0,00|01|0,00|0,6500|||0,00|01|0,00||||0,00||
|C170|1|7896019606226|PRODUTO 01 DO SUBGRUPO 01 DO GRUPO 01|2,00000|1|12,00|0,00|0|000|5101|2|0,00|17,00|0,00|0,00|0,00|0,00|0|00||0,00|0,00|0,00|01|0,00||||0,00|01|0,00|3,0000|||0,00||
|C170|1|7896019606226|PRODUTO 01 DO SUBGRUPO 01 DO GRUPO 01|2,00000|1|12,00|0,00|0|000|5101|2|0,00|17,00|0,00|0,00|0,00|0,00|0|00||0,00|0,00|0,00|01|0,00|0,6500|||0,00|01|0,00|3,0000|||0,00||
|C170|1|7896019606226|PRODUTO 01 DO SUBGRUPO 01 DO GRUPO 01|2,00000|1|12,00|0,00|0|000|5101|2|0,00|17,00|0,00|0,00|0,00|0,00|0|00||0,00|0,00|0,00|01|0,00||||0,00|01|0,00|3,0000|||0,00||
|C170|1|7896019606226|PRODUTO 01 DO SUBGRUPO 01 DO GRUPO 01|2,00000|1|12,00|0,00|0|000|5101|2|0,00|17,00|0,00|0,00|0,00|0,00|0|00||0,00|0,00|0,00|01|0,00|0,6500|||0,00|01|0,00|3,0000|||0,00||
|C170|1|7896019606226|PRODUTO 01 DO SUBGRUPO 01 DO GRUPO 01|2,00000|1|12,00|0,00|0|000|5101|2|0,00|17,00|0,00|0,00|0,00|0,00|0|00||0,00|0,00|0,00|01|0,00||||0,00|01|0,00|3,0000|||0,00||
|C170|1|7896019606226|PRODUTO 01 DO SUBGRUPO 01 DO GRUPO 01|2,00000|1|12,00|0,00|0|000|5101|2|0,00|17,00|0,00|0,00|0,00|0,00|0|00||0,00|0,00|0,00|01|0,00|0,6500|||0,00|01|0,00|3,0000|||0,00||
|C170|1|7896019606226|PRODUTO 01 DO SUBGRUPO 01 DO GRUPO 01|2,00000|1|12,00|0,00|0|000|5101|2|0,00|17,00|0,00|0,00|0,00|0,00|0|00||0,00|0,00|0,00|01|0,00||||0,00|01|0,00|3,0000|||0,00||
|C170|1|7896019606226|PRODUTO 01 DO SUBGRUPO 01 DO GRUPO 01|2,00000|1|12,00|0,00|0|000|5101|2|0,00|17,00|0,00|0,00|0,00|0,00|0|00||0,00|0,00|0,00|01|0,00|0,6500|||0,00|01|0,00|3,0000|||0,00||
|C170|1|7896019606226|PRODUTO 01 DO SUBGRUPO 01 DO GRUPO 01|2,00000|1|12,00|0,00|0|000|5101|2|0,00|17,00|0,00|0,00|0,00|0,00|0|00||0,00|0,00|0,00|01|0,00||||0,00|01|0,00|3,0000|||0,00||
|C170|1|7896019606226|PRODUTO 01 DO SUBGRUPO 01 DO GRUPO 01|2,00000|1|12,00|0,00|0|000|5101|2|0,00|17,00|0,00|0,00|0,00|0,00|0|00||0,00|0,00|0,00|01|0,00|0,6500|||0,00|01|0,00|3,0000|||0,00||
|C170|1|7896019606226|PRODUTO 01 DO SUBGRUPO 01 DO GRUPO 01|2,00000|1|12,00|0,00|0|000|5101|2|0,00|17,00|0,00|0,00|0,00|0,00|0|00||0,00|0,00|0,00|01|0,00||||0,00|01|0,00|3,0000|||0,00||
|C170|1|7896019606226|PRODUTO 01 DO SUBGRUPO 01 DO GRUPO 01|2,00000|1|12,00|0,00|0|000|5101|2|0,00|17,00|0,00|0,00|0,00|0,00|0|00||0,00|0,00|0,00|01|0,00|0,6500|||0,00|01|0,00|3,0000|||0,00||
|C170|1|7896019606226|PRODUTO 01 DO SUBGRUPO 01 DO GRUPO 01|2,00000|1|12,00|0,00|0|000|5101|2|0,00|17,00|0,00|0,00|0,00|0,00|0|00||0,00|0,00|0,00|01|0,00||||0,00|01|0,00|3,0000|||0,00||
|C170|1|7896019606226|PRODUTO 01 DO SUBGRUPO 01 DO GRUPO 01|2,00000|1|12,00|0,00|0|000|5101|2|0,00|17,00|0,00|0,00|0,00|0,00|0|00||0,00|0,00|0,00|01|0,00|0,6500|||0,00|01|0,00|3,0000|||0,00||
|C170|1|7896019606226|PRODUTO 01 DO SUBGRUPO 01 DO GRUPO 01|2,00000|1|12,00|0,00|0|000|5101|2|0,00|17,00|0,00|0,00|0,00|0,00|0|00||0,00|0,00|0,00|01|0,00||||0,00|01|0,00|3,0000|||0,00||
|C170|1|7896019606226|PRODUTO 01 DO SUBGRUPO 01 DO GRUPO 01|2,00000|1|12,00|0,00|0|000|5101|2|0,00|17,00|0,00|0,00|0,00|0,00|0|00||0,00|0,00|0,00|01|0,00|0,6500|||0,00|01|0,00|3,0000|||0,00||
|C170|1|7896019606226|PRODUTO 01 DO SUBGRUPO 01 DO GRUPO 01|2,00000|1|12,00|0,00|0|000|5101|2|0,00|17,00|0,00|0,00|0,00|0,00|0|00||0,00|0,00|0,00|01|0,00||||0,00|01|0,00|3,0000|||0,00||
|C170|1|7896019606226|PRODUTO 01 DO SUBGRUPO 01 DO GRUPO 01|2,00000|1|12,00|0,00|0|000|5101|2|0,00|17,00|0,00|0,00|0,00|0,00|0|00||0,00|0,00|0,00|01|0,00|0,6500|||0,00|01|0,00|3,0000|||0,00||
|C170|1|7896019606226|PRODUTO 01 DO SUBGRUPO 01 DO GRUPO 01|2,00000|1|12,00|0,00|0|000|5101|2|0,00|17,00|0,00|0,00|0,00|0,00|0|00||0,00|0,00|0,00|01|0,00||||0,00|01|0,00|3,0000|||0,00||
|C170|1|7896019606226|PRODUTO 01 DO SUBGRUPO 01 DO GRUPO 01|2,00000|1|12,00|0,00|0|000|5101|2|0,00|17,00|0,00|0,00|0,00|0,00|0|00||0,00|0,00|0,00|01|0,00|0,6500|||0,00|01|0,00|3,0000|||0,00||
|C170|1|7896019606226|PRODUTO 01 DO SUBGRUPO 01 DO GRUPO 01|2,00000|1|12,00|0,00|0|000|5101|2|0,00|17,00|0,00|0,00|0,00|0,00|0|00||0,00|0,00|0,00|01|0,00||||0,00|01|0,00|3,0000|||0,00||
|C170|1|7896019606226|PRODUTO 01 DO SUBGRUPO 01 DO GRUPO 01|2,00000|1|12,00|0,00|0|000|5101|2|0,00|17,00|0,00|0,00|0,00|0,00|0|00||0,00|0,00|0,00|01|0,00|0,6500|||0,00|01|0,00|3,0000|||0,00||
|C170|1|7896019606226|PRODUTO 01 DO SUBGRUPO 01 DO GRUPO 01|2,00000|1|12,00|0,00|0|000|5101|2|0,00|17,00|0,00|0,00|0,00|0,00|0|00||0,00|0,00|0,00|01|0,00||||0,00|01|0,00|3,0000|||0,00||
|C170|1|7896019606226|PRODUTO 01 DO SUBGRUPO 01 DO GRUPO 01|2,00000|1|12,00|0,00|0|000|5101|2|0,00|17,00|0,00|0,00|0,00|0,00|0|00||0,00|0,00|0,00|01|0,00|0,6500|||0,00|01|0,00|3,0000|||0,00||
|C170|1|7896019606226|PRODUTO 01 DO SUBGRUPO 01 DO GRUPO 01|2,00000|1|12,00|0,00|0|000|5101|2|0,00|17,00|0,00|0,00|0,00|0,00|0|00||0,00|0,00|0,00|01|0,00||||0,00|01|0,00|3,0000|||0,00||
|C170|1|7896019606226|PRODUTO 01 DO SUBGRUPO 01 DO GRUPO 01|2,00000|1|12,00|0,00|0|000|5101|2|0,00|17,00|0,00|0,00|0,00|0,00|0|00||0,00|0,00|0,00|01|0,00|0,6500|||0,00|01|0,00|3,0000|||0,00||
|C170|1|7896019606226|PRODUTO 01 DO SUBGRUPO 01 DO GRUPO 01|2,00000|1|12,00|0,00|0|000|5101|2|0,00|17,00|0,00|0,00|0,00|0,00|0|00||0,00|0,00|0,00|01|0,00||||0,00|01|0,00|3,0000|||0,00||
|C170|1|7896019606226|PRODUTO 01 DO SUBGRUPO 01 DO GRUPO 01|2,00000|1|12,00|0,00|0|000|5101|2|0,00|17,00|0,00|0,00|0,00|0,00|0|00||0,00|0,00|0,00|01|0,00|0,6500|||0,00|01|0,00|3,0000|||0,00||
|C170|1|7896019606226|PRODUTO 01 DO SUBGRUPO 01 DO GRUPO 01|2,00000|1|12,00|0,00|0|000|5101|2|0,00|17,00|0,00|0,00|0,00|0,00|0|00||0,00|0,00|0,00|01|0,00||||0,00|01|0,00|3,0000|||0,00||
|C170|1|7896019606226|PRODUTO 01 DO SUBGRUPO 01 DO GRUPO 01|2,00000|1|12,00|0,00|0|000|5101|2|0,00|17,00|0,00|0,00|0,00|0,00|0|00||0,00|0,00|0,00|01|0,00|0,6500|||0,00|01|0,00|3,0000|||0,00||
|C170|1|7896019606226|PRODUTO 01 DO SUBGRUPO 01 DO GRUPO 01|2,00000|1|12,00|0,00|0|000|5101|2|0,00|17,00|0,00|0,00|0,00|0,00|0|00||0,00|0,00|0,00|01|0,00||||0,00|01|0,00|3,0000|||0,00||
|C170|1|7896019606226|PRODUTO 01 DO SUBGRUPO 01 DO GRUPO 01|2,00000|1|12,00|0,00|0|000|5101|2|0,00|17,00|0,00|0,00|0,00|0,00|0|00||0,00|0,00|0,00|01|0,00|0,6500|||0,00|01|0,00|3,0000|||0,00||
|C100|1|0|F0|55|00|001|000000018|53140800000000000191550010000000181000000185|02082014|02082014|0,00|0|0,00|0,00|0,00|0|0,00|0,00|0,00|0,00|0,00|0,00|0,00|0,00|0,00|0,00|0,00|0,00|
|C100|1|0|F0|55|00|001|000000019|53140800000000000191550010000000191000000190|02082014|02082014|0,00|0|0,00|0,00|0,00|0|0,00|0,00|0,00|0,00|0,00|0,00|0,00|0,00|0,00|0,00|0,00|0,00|
|C100|1|0|C1|55|00|001|000000020|53140800000000000191550010000000201000000205|02082014|02082014|18,00|0|0,00|0,00|18,00|0|0,00|0,00|0,00|0,00|0,00|0,00|0,00|0,00|0,00|0,00|0,00|0,00|
|C170|1|7896019606226|PRODUTO 01 DO SUBGRUPO 01 DO GRUPO 01|3,00000|1|18,00|0,00|0|000|5101|2|0,00|17,00|0,00|0,00|0,00|0,00|0|00||0,00|0,00|0,00|01|0,00|0,6500|||0,00|01|0,00|3,0000|||0,00||
|C100|1|0|C1|55|00|001|000000021|53140800000000000191550010000000211000000210|02082014|02082014|18,00|0|0,00|0,00|18,00|0|0,00|0,00|0,00|0,00|0,00|0,00|0,00|0,00|0,00|0,00|0,00|0,00|
|C170|1|7896019606226|PRODUTO 01 DO SUBGRUPO 01 DO GRUPO 01|3,00000|1|18,00|0,00|0|000|5101|2|0,00|17,00|0,00|0,00|0,00|0,00|0|00||0,00|0,00|0,00|01|0,00|0,6500|||0,00|01|0,00|3,0000|||0,00||
|C100|1|0|F0|55|00|001|000000022|53140800000000000191550010000000221000000226|02082014|02082014|0,00|0|0,00|0,00|0,00|0|0,00|0,00|0,00|0,00|0,00|0,00|0,00|0,00|0,00|0,00|0,00|0,00|
|C100|1|0|C1|55|00|001|000000023|53140800000000000191550010000000231000000231|02082014|02082014|49,00|0|0,00|0,00|49,00|0|0,00|0,00|0,00|0,00|0,00|0,00|0,00|0,00|0,00|0,00|0,00|0,00|
|C170|1|7896019606226|PRODUTO 01 DO SUBGRUPO 01 DO GRUPO 01|4,00000|1|24,00|0,00|0|000|5101|2|0,00|17,00|0,00|0,00|0,00|0,00|0|00||0,00|0,00|0,00|01|0,00|0,6500|||0,00|01|0,00|3,0000|||0,00||
|C170|2|5556667|555666|5,00000|1|25,00|0,00|0|000|5101|2|0,00|17,00|0,00|0,00|0,00|0,00|0|00||0,00|0,00|0,00|01|0,00|0,6500|||0,00|01|0,00|3,0000|||0,00||
|C100|1|0|F0|55|00|001|000000024|53140800000000000191550010000000241000000247|02082014|02082014|0,00|0|0,00|0,00|0,00|0|0,00|0,00|0,00|0,00|0,00|0,00|0,00|0,00|0,00|0,00|0,00|0,00|
|C100|1|0|F0|55|00|001|000000025|53140800000000000191550010000000251000000252|02082014|02082014|0,00|0|0,00|0,00|0,00|0|0,00|0,00|0,00|0,00|0,00|0,00|0,00|0,00|0,00|0,00|0,00|0,00|
|C100|1|0|F0|55|00|001|000000026|53140800000000000191550010000000261000000268|02082014|02082014|0,00|0|0,00|0,00|0,00|0|0,00|0,00|0,00|0,00|0,00|0,00|0,00|0,00|0,00|0,00|0,00|0,00|
|C100|1|0|C1|55|00|001|000000027|53140800000000000191550010000000271000000273|02082014|02082014|0,00|0|0,00|0,00|0,00|0|0,00|0,00|0,00|0,00|0,00|0,00|0,00|0,00|0,00|0,00|0,00|0,00|
|C100|1|0|F0|55|00|001|000000028|53140800000000000191550010000000281000000289|02082014|02082014|0,00|0|0,00|0,00|0,00|0|0,00|0,00|0,00|0,00|0,00|0,00|0,00|0,00|0,00|0,00|0,00|0,00|
|C100|1|0|C1|55|00|001|000000029|53140800000000000191550010000000291000000294|02082014|02082014|0,00|0|0,00|0,00|0,00|0|0,00|0,00|0,00|0,00|0,00|0,00|0,00|0,00|0,00|0,00|0,00|0,00|
|C100|1|0|C1|55|00|001|000000030|53140800000000000191550010000000301000000309|02082014|02082014|0,00|0|0,00|0,00|0,00|0|0,00|0,00|0,00|0,00|0,00|0,00|0,00|0,00|0,00|0,00|0,00|0,00|
|C100|1|0|C1|55|00|001|000000031|53140800000000000191550010000000311000000314|02082014|02082014|334,00|0|0,00|0,00|334,00|0|0,00|0,00|0,00|0,00|0,00|0,00|0,00|0,00|0,00|0,00|0,00|0,00|
|C170|1|7896019606226|PRODUTO 01 DO SUBGRUPO 01 DO GRUPO 01|2,00000|1|12,00|0,00|0|000|5101|2|0,00|17,00|0,00|0,00|0,00|0,00|0|00||0,00|0,00|0,00|01|0,00|0,6500|||0,00|01|0,00|3,0000|||0,00||
|C170|2|7897975018016|PRODUTO 01 DO SUBGRUPO 02 DO GRUPO 01|5,00000|2|300,00|0,00|0|000|5101|2|0,00|17,00|0,00|0,00|0,00|0,00|0|00||0,00|0,00|0,00|01|0,00|0,6500|||0,00|01|0,00|3,0000|||0,00||
|C170|3|66666666666|66666666|4,00000|1|22,00|0,00|0|000|5101|2|0,00|17,00|0,00|0,00|0,00|0,00|0|00||0,00|0,00|0,00|01|0,00|0,6500|||0,00|01|0,00|3,0000|||0,00||
|C100|1|0|F0|55|00|001|000000032|53140800000000000191550010000000321000000320|10082014|10082014|0,00|0|0,00|0,00|0,00|0|0,00|0,00|0,00|0,00|0,00|0,00|0,00|0,00|0,00|0,00|0,00|0,00|
|C100|1|0|F0|55|00|001|000000033|53140800000000000191550010000000331000000335|10082014|10082014|0,00|0|0,00|0,00|0,00|0|0,00|0,00|0,00|0,00|0,00|0,00|0,00|0,00|0,00|0,00|0,00|0,00|
|C100|1|0|F0|55|00|001|000000034|53140800000000000191550010000000341000000340|10082014|10082014|0,00|0|0,00|0,00|0,00|0|0,00|0,00|0,00|0,00|0,00|0,00|0,00|0,00|0,00|0,00|0,00|0,00|
|C100|1|0|C1|55|00|001|000000035|53140800000000000191550010000000351000000356|10082014|10082014|6,00|0|0,00|0,00|6,00|0|0,00|0,00|0,00|0,00|0,00|0,00|0,00|0,00|0,00|0,00|0,00|0,00|
|C170|1|7896019606226|PRODUTO 01 DO SUBGRUPO 01 DO GRUPO 01|1,00000|1|6,00|0,00|0|000|5101|2|0,00|17,00|0,00|0,00|0,00|0,00|0|00||0,00|0,00|0,00|01|0,00|0,6500|||0,00|01|0,00|3,0000|||0,00||
|C100|1|0|F0|55|00|001|000000036|53140800000000000191550010000000361000000361|10082014|10082014|0,00|0|0,00|0,00|0,00|0|0,00|0,00|0,00|0,00|0,00|0,00|0,00|0,00|0,00|0,00|0,00|0,00|
|C100|1|0|F0|55|00|001|000000037|53140800000000000191550010000000371000000377|10082014|10082014|0,00|0|0,00|0,00|0,00|0|0,00|0,00|0,00|0,00|0,00|0,00|0,00|0,00|0,00|0,00|0,00|0,00|
|C100|1|0|C1|55|00|001|000000038|53140800000000000191550010000000381000000382|10082014|10082014|6,00|0|0,00|0,00|6,00|0|0,00|0,00|0,00|0,00|0,00|0,00|0,00|0,00|0,00|0,00|0,00|0,00|
|C170|1|7896019606226|PRODUTO 01 DO SUBGRUPO 01 DO GRUPO 01|1,00000|1|6,00|0,00|0|000|5101|2|0,00|17,00|0,00|0,00|0,00|0,00|0|00||0,00|0,00|0,00|01|0,00|0,6500|||0,00|01|0,00|3,0000|||0,00||
|C100|1|0|F0|55|00|001|000000039|53140800000000000191550010000000391000000398|10082014|10082014|0,00|0|0,00|0,00|0,00|0|0,00|0,00|0,00|0,00|0,00|0,00|0,00|0,00|0,00|0,00|0,00|0,00|
|C100|1|0|C1|55|00|001|000000040|53140800000000000191550010000000401000000402|10082014|10082014|0,00|0|0,00|0,00|0,00|0|0,00|0,00|0,00|0,00|0,00|0,00|0,00|0,00|0,00|0,00|0,00|0,00|
|C100|1|0|C1|55|00|001|000000041|53140800000000000191550010000000411000000418|10082014|10082014|66,00|0|0,00|0,00|66,00|0|0,00|0,00|0,00|0,00|0,00|0,00|0,00|0,00|0,00|0,00|0,00|0,00|
|C170|1|7896019606226|PRODUTO 01 DO SUBGRUPO 01 DO GRUPO 01|1,00000|1|6,00|0,00|0|000|5101|2|0,00|17,00|0,00|0,00|0,00|0,00|0|00||0,00|0,00|0,00|01|0,00|0,6500|||0,00|01|0,00|3,0000|||0,00||
|C170|2|7897975018016|PRODUTO 01 DO SUBGRUPO 02 DO GRUPO 01|1,00000|2|60,00|0,00|0|000|5101|2|0,00|17,00|0,00|0,00|0,00|0,00|0|00||0,00|0,00|0,00|01|0,00|0,6500|||0,00|01|0,00|3,0000|||0,00||
|C100|1|0|F0|55|00|001|000000042|53140800000000000191550010000000421000000423|10082014|10082014|0,00|0|0,00|0,00|0,00|0|0,00|0,00|0,00|0,00|0,00|0,00|0,00|0,00|0,00|0,00|0,00|0,00|
|C100|1|0|C1|55|00|001|000000043|53140800000000000191550010000000431000000439|10082014|10082014|6,00|0|0,00|0,00|6,00|0|0,00|0,00|0,00|0,00|0,00|0,00|0,00|0,00|0,00|0,00|0,00|0,00|
|C170|1|7896019606226|PRODUTO 01 DO SUBGRUPO 01 DO GRUPO 01|1,00000|1|6,00|0,00|0|000|5101|2|0,00|17,00|0,00|0,00|0,00|0,00|0|00||0,00|0,00|0,00|01|0,00|0,6500|||0,00|01|0,00|3,0000|||0,00||
|C100|1|0|C1|55|00|001|000000044|53140800000000000191550010000000441000000444|10082014|10082014|0,00|0|0,00|0,00|0,00|0|0,00|0,00|0,00|0,00|0,00|0,00|0,00|0,00|0,00|0,00|0,00|0,00|
|C100|1|0|C1|55|00|001|000000045|53140800000000000191550010000000451000000450|10082014|10082014|66,00|0|0,00|0,00|66,00|0|0,00|0,00|0,00|0,00|0,00|0,00|0,00|0,00|0,00|0,00|0,00|0,00|
|C170|1|7896019606226|PRODUTO 01 DO SUBGRUPO 01 DO GRUPO 01|1,00000|1|6,00|0,00|0|000|5101|2|0,00|17,00|0,00|0,00|0,00|0,00|0|00||0,00|0,00|0,00|01|0,00|0,6500|||0,00|01|0,00|3,0000|||0,00||
|C170|2|7897975018016|PRODUTO 01 DO SUBGRUPO 02 DO GRUPO 01|1,00000|2|60,00|0,00|0|000|5101|2|0,00|17,00|0,00|0,00|0,00|0,00|0|00||0,00|0,00|0,00|01|0,00|0,6500|||0,00|01|0,00|3,0000|||0,00||
|C100|1|0|C1|55|00|001|000000046|53140800000000000191550010000000461000000465|10082014|10082014|0,00|0|0,00|0,00|0,00|0|0,00|0,00|0,00|0,00|0,00|0,00|0,00|0,00|0,00|0,00|0,00|0,00|
|C100|1|0|C1|55|00|001|000000047|53140800000000000191550010000000471000000470|10082014|10082014|66,00|0|0,00|0,00|66,00|0|0,00|0,00|0,00|0,00|0,00|0,00|0,00|0,00|0,00|0,00|0,00|0,00|
|C170|1|7896019606226|PRODUTO 01 DO SUBGRUPO 01 DO GRUPO 01|1,00000|1|6,00|0,00|0|000|5101|2|0,00|17,00|0,00|0,00|0,00|0,00|0|00||0,00|0,00|0,00|01|0,00|0,6500|||0,00|01|0,00|3,0000|||0,00||
|C170|2|7897975018016|PRODUTO 01 DO SUBGRUPO 02 DO GRUPO 01|1,00000|2|60,00|0,00|0|000|5101|2|0,00|17,00|0,00|0,00|0,00|0,00|0|00||0,00|0,00|0,00|01|0,00|0,6500|||0,00|01|0,00|3,0000|||0,00||
|C100|1|0|C1|55|00|001|000000048|53140800000000000191550010000000481000000486|10082014|10082014|0,00|0|0,00|0,00|0,00|0|0,00|0,00|0,00|0,00|0,00|0,00|0,00|0,00|0,00|0,00|0,00|0,00|
|C100|1|0|C1|55|00|001|000000049|53140800000000000191550010000000491000000491|10082014|10082014|66,00|0|0,00|0,00|66,00|0|0,00|0,00|0,00|0,00|0,00|0,00|0,00|0,00|0,00|0,00|0,00|0,00|
|C170|1|7896019606226|PRODUTO 01 DO SUBGRUPO 01 DO GRUPO 01|1,00000|1|6,00|0,00|0|000|5101|2|0,00|17,00|0,00|0,00|0,00|0,00|0|00||0,00|0,00|0,00|01|0,00|0,6500|||0,00|01|0,00|3,0000|||0,00||
|C170|2|7897975018016|PRODUTO 01 DO SUBGRUPO 02 DO GRUPO 01|1,00000|2|60,00|0,00|0|000|5101|2|0,00|17,00|0,00|0,00|0,00|0,00|0|00||0,00|0,00|0,00|01|0,00|0,6500|||0,00|01|0,00|3,0000|||0,00||
|C100|1|0|C1|55|00|001|000000050|53140800000000000191550010000000501000000506|10082014|10082014|6,00|0|0,00|0,00|6,00|0|0,00|0,00|0,00|0,00|0,00|0,00|0,00|0,00|0,00|0,00|0,00|0,00|
|C170|1|7896019606226|PRODUTO 01 DO SUBGRUPO 01 DO GRUPO 01|1,00000|1|6,00|0,00|0|000|5101|2|0,00|17,00|0,00|0,00|0,00|0,00|0|00||0,00|0,00|0,00|01|0,00|0,6500|||0,00|01|0,00|3,0000|||0,00||
|C100|1|0|C1|55|00|001|000000051|53140800000000000191550010000000511000000511|10082014|10082014|0,00|0|0,00|0,00|0,00|0|0,00|0,00|0,00|0,00|0,00|0,00|0,00|0,00|0,00|0,00|0,00|0,00|
|C100|1|0|C1|55|00|001|000000052|53140800000000000191550010000000521000000527|10082014|10082014|0,00|0|0,00|0,00|0,00|0|0,00|0,00|0,00|0,00|0,00|0,00|0,00|0,00|0,00|0,00|0,00|0,00|
|C100|1|0|C1|55|00|001|000000053|53140800000000000191550010000000531000000532|10082014|10082014|0,00|0|0,00|0,00|0,00|0|0,00|0,00|0,00|0,00|0,00|0,00|0,00|0,00|0,00|0,00|0,00|0,00|
|C100|1|0|C1|55|00|001|000000054|53140800000000000191550010000000541000000548|10082014|10082014|0,00|0|0,00|0,00|0,00|0|0,00|0,00|0,00|0,00|0,00|0,00|0,00|0,00|0,00|0,00|0,00|0,00|
|C100|1|0|C1|55|00|001|000000055|53140800000000000191550010000000551000000553|10082014|10082014|0,00|0|0,00|0,00|0,00|0|0,00|0,00|0,00|0,00|0,00|0,00|0,00|0,00|0,00|0,00|0,00|0,00|
|C100|1|0|C1|55|00|001|000000056|53140800000000000191550010000000561000000569|10082014|10082014|0,00|0|0,00|0,00|0,00|0|0,00|0,00|0,00|0,00|0,00|0,00|0,00|0,00|0,00|0,00|0,00|0,00|
|C100|1|0|C1|55|00|001|000000057|53140800000000000191550010000000571000000574|10082014|10082014|66,00|0|0,00|0,00|66,00|0|0,00|0,00|0,00|0,00|0,00|0,00|0,00|0,00|0,00|0,00|0,00|0,00|
|C170|1|7896019606226|PRODUTO 01 DO SUBGRUPO 01 DO GRUPO 01|1,00000|1|6,00|0,00|0|000|5101|2|0,00|17,00|0,00|0,00|0,00|0,00|0|00||0,00|0,00|0,00|01|0,00|0,6500|||0,00|01|0,00|3,0000|||0,00||
|C170|2|7897975018016|PRODUTO 01 DO SUBGRUPO 02 DO GRUPO 01|1,00000|2|60,00|0,00|0|000|5101|2|0,00|17,00|0,00|0,00|0,00|0,00|0|00||0,00|0,00|0,00|01|0,00|0,6500|||0,00|01|0,00|3,0000|||0,00||
|C100|1|0|C1|55|00|001|000000058|53140800000000000191550010000000581000000580|10082014|10082014|6,00|0|0,00|0,00|6,00|0|0,00|0,00|0,00|0,00|0,00|0,00|0,00|0,00|0,00|0,00|0,00|0,00|
|C170|1|7896019606226|PRODUTO 01 DO SUBGRUPO 01 DO GRUPO 01|1,00000|1|6,00|0,00|0|000|5101|2|0,00|17,00|0,00|0,00|0,00|0,00|0|00||0,00|0,00|0,00|01|0,00|0,6500|||0,00|01|0,00|3,0000|||0,00||
|C100|1|0|C1|55|00|001|000000059|53140800000000000191550010000000591000000595|11082014|11082014|0,00|0|0,00|0,00|0,00|0|0,00|0,00|0,00|0,00|0,00|0,00|0,00|0,00|0,00|0,00|0,00|0,00|
|C100|1|0|C1|55|00|001|000000060|53140800000000000191550010000000601000000600|12082014|12082014|66,00|0|0,00|0,00|66,00|0|0,00|0,00|0,00|0,00|0,00|0,00|0,00|0,00|0,00|0,00|0,00|0,00|
|C170|1|7896019606226|PRODUTO 01 DO SUBGRUPO 01 DO GRUPO 01|1,00000|1|6,00|0,00|0|000|5101|2|0,00|17,00|0,00|0,00|0,00|0,00|0|00||0,00|0,00|0,00|01|0,00|0,6500|||0,00|01|0,00|3,0000|||0,00||
|C170|2|7897975018016|PRODUTO 01 DO SUBGRUPO 02 DO GRUPO 01|1,00000|2|60,00|0,00|0|000|5101|2|0,00|17,00|0,00|0,00|0,00|0,00|0|00||0,00|0,00|0,00|01|0,00|0,6500|||0,00|01|0,00|3,0000|||0,00||
|C100|1|0|C1|55|00|001|000000061|53140800000000000191550010000000611000000615|12082014|12082014|66,00|0|0,00|0,00|66,00|0|0,00|0,00|0,00|0,00|0,00|0,00|0,00|0,00|0,00|0,00|0,00|0,00|
|C170|1|7896019606226|PRODUTO 01 DO SUBGRUPO 01 DO GRUPO 01|1,00000|1|6,00|0,00|0|000|5101|2|0,00|17,00|0,00|0,00|0,00|0,00|0|00||0,00|0,00|0,00|01|0,00|0,6500|||0,00|01|0,00|3,0000|||0,00||
|C170|2|7897975018016|PRODUTO 01 DO SUBGRUPO 02 DO GRUPO 01|1,00000|2|60,00|0,00|0|000|5101|2|0,00|17,00|0,00|0,00|0,00|0,00|0|00||0,00|0,00|0,00|01|0,00|0,6500|||0,00|01|0,00|3,0000|||0,00||
|C100|1|0|C1|55|00|001|000000062|53140800000000000191550010000000621000000620|19082014|19082014|6,00|0|0,00|0,00|6,00|0|0,00|0,00|0,00|0,00|0,00|0,00|0,00|0,00|0,00|0,00|0,00|0,00|
|C170|1|7896019606226|PRODUTO 01 DO SUBGRUPO 01 DO GRUPO 01|1,00000|1|6,00|0,00|0|000|5101|2|0,00|17,00|0,00|0,00|0,00|0,00|0|00||0,00|0,00|0,00|01|0,00|0,6500|||0,00|01|0,00|3,0000|||0,00||
|C100|1|0|F0|55|00|001|000000063|53140800000000000191550010000000631000000636|20082014|20082014|0,00|0|0,00|0,00|0,00|0|0,00|0,00|0,00|0,00|0,00|0,00|0,00|0,00|0,00|0,00|0,00|0,00|
|C100|1|0|F0|55|00|001|000000064|53140800000000000191550010000000641000000641|20082014|20082014|0,00|0|0,00|0,00|0,00|0|0,00|0,00|0,00|0,00|0,00|0,00|0,00|0,00|0,00|0,00|0,00|0,00|
|C100|1|0|F0|55|00|001|000000065|53140800000000000191550010000000651000000657|20082014|20082014|0,00|0|0,00|0,00|0,00|0|0,00|0,00|0,00|0,00|0,00|0,00|0,00|0,00|0,00|0,00|0,00|0,00|
|C100|1|0|C1|55|00|001|000000066|53140800000000000191550010000000661000000662|20082014|20082014|6,00|0|0,00|0,00|6,00|0|0,00|0,00|0,00|0,00|0,00|0,00|0,00|0,00|0,00|0,00|0,00|0,00|
|C170|1|7896019606226|PRODUTO 01 DO SUBGRUPO 01 DO GRUPO 01|1,00000|1|6,00|0,00|0|000|5101|2|0,00|17,00|0,00|0,00|0,00|0,00|0|00||0,00|0,00|0,00|01|0,00|0,6500|||0,00|01|0,00|3,0000|||0,00||
|C100|1|0|C1|55|00|001|000000067|53140800000000000191550010000000671000000578|20082014|20082014|6,00|0|0,00|0,00|6,00|0|0,00|0,00|0,00|0,00|0,00|0,00|0,00|0,00|0,00|0,00|0,00|0,00|
|C170|1|7896019606226|PRODUTO 01 DO SUBGRUPO 01 DO GRUPO 01|1,00000|1|6,00|0,00|0|000|5101|2|0,00|17,00|0,00|0,00|0,00|0,00|0|00||0,00|0,00|0,00|01|0,00|0,6500|||0,00|01|0,00|3,0000|||0,00||
|C380|02|08082014|08082014|000999|000999|6,00|0,00|
|C990|160|
|D001|1|
|D990|2|
|F001|1|
|F990|2|
|M001|1|
|M990|2|
|1001|0|
|1990|2|
|9001|0|
|9900|0000|1|
|9900|0001|1|
|9900|0100|1|
|9900|0110|1|
|9900|0140|1|
|9900|0150|1|
|9900|0190|2|
|9900|0200|4|
|9900|0400|8|
|9900|0990|1|
|9900|A001|1|
|9900|A990|1|
|9900|C001|1|
|9900|C010|1|
|9900|C100|60|
|9900|C170|96|
|9900|C380|1|
|9900|C990|1|
|9900|D001|1|
|9900|D990|1|
|9900|F001|1|
|9900|F990|1|
|9900|M001|1|
|9900|M990|1|
|9900|1001|1|
|9900|1990|1|
|9900|9001|1|
|9900|9900|30|
|9900|9990|1|
|9900|9999|1|
|9990|33|
|9999|224|
