|0000|008|0|01082014|10082014|EMPRESA MATRIZ PARA TESTES|00000000000191||DF||5300108|||A|1|
|0001|0|
|0005|EMPRESA PARA TESTES|00000123|OUTRO ENDERECO|1|123|123|06158746985|06158746985|testes@empresateste.com|
|0100|NOME CONTADOR|22222222222|666999|00000000000191|60789548|RUA|123|COMPLEMENTO|BAIRRO|06155555555|06188779955|CONTADOR@GMAIL.COM|5300108|
|0150|C1|TESTE PESSOA FISICA|01058||11111111111|1234567|5300108|0|LOGRADOURO PESSOA FISICA|2|COMPLEMENTO|BAIRRO|
|0190|1|UN|
|0190|2|UN|
|0200|1|PRODUTO 01 DO SUBGRUPO 01 DO GRUPO 01|7896019606226||1|00|17049010||17||17.00|
|0200|2|PRODUTO 01 DO SUBGRUPO 02 DO GRUPO 01|7897975018016||2|00|48234000||48||15.00|
|0200|3|555666|5556667||1|00|82121020||82||0.00|
|0200|4|66666666|66666666666||1|00|82121020||82||0.00|
|0400|1|VENDA|
|0400|2|VENDA|
|0400|3|VENDA|
|0400|4|VENDA|
|0400|5|VENDA|
|0400|6|PRESTACAO DE SERVICO|
|0400|7|PRESTACAO DE SERVICO|
|0990|19|
|C001|0|
|C100|1|0|C1|55|00|001|000000022|53140800000000000191550010000000221000000226|02082014|02082014|11.00|0|0.00|0.00|11.00|2|0.00|0.00|0.00|0.00|0.00|0.00|0.00|0.00|0.00|0.00|0.00|0.00|
|C170|2|5556667|555666|1.00000|1|5.00|0.00|0|000|5101|2|0.00|17.00|0.00|0.00|0.00|0.00|0|52||0.00|0.00|0.00|01|0.00|0.6500|0.000|0.0000|0.00|02|0.00|3.0000|0.000|0.0000|0.00||
|C170|1|7896019606226|PRODUTO 01 DO SUBGRUPO 01 DO GRUPO 01|1.00000|1|6.00|0.00|0|000|5101|2|0.00|17.00|0.00|0.00|0.00|0.00|0|51||0.00|0.00|0.00|01|0.00|0.6500|0.000|0.0000|0.00|01|0.00|3.0000|0.000|0.0000|0.00||
|C170|2|5556667|555666|1.00000|1|5.00|0.00|0|000|5101|2|0.00|17.00|0.00|0.00|0.00|0.00|0|51||0.00|0.00|0.00|01|0.00|0.6500|0.000|0.0000|0.00|01|0.00|3.0000|0.000|0.0000|0.00||
|C190|000|5101|17.00|16.00|0.00|0.00|0.00|0.00|0.00|0.00||
|C100|1|0|F0|55|00|001|000000009|53140800000000000191550010000000091000000097|02082014|02082014|0.00|0|0.00|0.00|0.00|2|0.00|0.00|0.00|0.00|0.00|0.00|0.00|0.00|0.00|0.00|0.00|0.00|
|C100|1|0|F0|55|00|001|000000010|53140800000000000191550010000000101000000101|02082014|02082014|0.00|0|0.00|0.00|0.00|2|0.00|0.00|0.00|0.00|0.00|0.00|0.00|0.00|0.00|0.00|0.00|0.00|
|C100|1|0|F0|55|00|001|000000011|53140800000000000191550010000000111000000117|02082014|02082014|0.00|0|0.00|0.00|0.00|2|0.00|0.00|0.00|0.00|0.00|0.00|0.00|0.00|0.00|0.00|0.00|0.00|
|C100|1|0|F0|55|00|001|000000012|53140800000000000191550010000000121000000122|02082014|02082014|0.00|0|0.00|0.00|0.00|2|0.00|0.00|0.00|0.00|0.00|0.00|0.00|0.00|0.00|0.00|0.00|0.00|
|C100|1|0|F0|55|00|001|000000013|53140800000000000191550010000000131000000138|02082014|02082014|0.00|0|0.00|0.00|0.00|2|0.00|0.00|0.00|0.00|0.00|0.00|0.00|0.00|0.00|0.00|0.00|0.00|
|C100|1|0|C1|55|00|001|000000014|53140800000000000191550010000000141000000143|02082014|02082014|0.00|0|0.00|0.00|0.00|2|0.00|0.00|0.00|0.00|0.00|0.00|0.00|0.00|0.00|0.00|0.00|0.00|
|C100|1|0|C1|55|00|001|000000015|53140800000000000191550010000000151000000159|02082014|02082014|0.00|0|0.00|0.00|0.00|2|0.00|0.00|0.00|0.00|0.00|0.00|0.00|0.00|0.00|0.00|0.00|0.00|
|C100|1|0|F0|55|00|001|000000016|53140800000000000191550010000000161000000164|02082014|02082014|0.00|0|0.00|0.00|0.00|2|0.00|0.00|0.00|0.00|0.00|0.00|0.00|0.00|0.00|0.00|0.00|0.00|
|C100|1|0|C1|55|00|001|000000017|53140800000000000191550010000000171000000170|02082014|02082014|12.00|0|0.00|0.00|12.00|2|0.00|0.00|0.00|0.00|0.00|0.00|0.00|0.00|0.00|0.00|0.00|0.00|
|C170|1|7896019606226|PRODUTO 01 DO SUBGRUPO 01 DO GRUPO 01|2.00000|1|12.00|0.00|0|001|5101|2|0.00|17.00|0.00|0.00|0.00|0.00|0|||0.00|0.00|0.00||0.00|0.0000|0.000|0.0000|0.00||0.00|0.0000|0.000|0.0000|0.00||
|C170|1|7896019606226|PRODUTO 01 DO SUBGRUPO 01 DO GRUPO 01|2.00000|1|12.00|0.00|0|001|5101|2|0.00|17.00|0.00|0.00|0.00|0.00|0|||0.00|0.00|0.00|01|0.00|0.6500|0.000|0.0000|0.00||0.00|0.0000|0.000|0.0000|0.00||
|C170|1|7896019606226|PRODUTO 01 DO SUBGRUPO 01 DO GRUPO 01|2.00000|1|12.00|0.00|0|001|5101|2|0.00|17.00|0.00|0.00|0.00|0.00|0|||0.00|0.00|0.00||0.00|0.0000|0.000|0.0000|0.00||0.00|0.0000|0.000|0.0000|0.00||
|C170|1|7896019606226|PRODUTO 01 DO SUBGRUPO 01 DO GRUPO 01|2.00000|1|12.00|0.00|0|001|5101|2|0.00|17.00|0.00|0.00|0.00|0.00|0|||0.00|0.00|0.00|01|0.00|0.6500|0.000|0.0000|0.00||0.00|0.0000|0.000|0.0000|0.00||
|C170|1|7896019606226|PRODUTO 01 DO SUBGRUPO 01 DO GRUPO 01|2.00000|1|12.00|0.00|0|001|5101|2|0.00|17.00|0.00|0.00|0.00|0.00|0|51||0.00|0.00|0.00||0.00|0.0000|0.000|0.0000|0.00||0.00|0.0000|0.000|0.0000|0.00||
|C170|1|7896019606226|PRODUTO 01 DO SUBGRUPO 01 DO GRUPO 01|2.00000|1|12.00|0.00|0|001|5101|2|0.00|17.00|0.00|0.00|0.00|0.00|0|51||0.00|0.00|0.00|01|0.00|0.6500|0.000|0.0000|0.00||0.00|0.0000|0.000|0.0000|0.00||
|C170|1|7896019606226|PRODUTO 01 DO SUBGRUPO 01 DO GRUPO 01|2.00000|1|12.00|0.00|0|001|5101|2|0.00|17.00|0.00|0.00|0.00|0.00|0|51||0.00|0.00|0.00||0.00|0.0000|0.000|0.0000|0.00||0.00|0.0000|0.000|0.0000|0.00||
|C170|1|7896019606226|PRODUTO 01 DO SUBGRUPO 01 DO GRUPO 01|2.00000|1|12.00|0.00|0|001|5101|2|0.00|17.00|0.00|0.00|0.00|0.00|0|51||0.00|0.00|0.00|01|0.00|0.6500|0.000|0.0000|0.00||0.00|0.0000|0.000|0.0000|0.00||
|C170|1|7896019606226|PRODUTO 01 DO SUBGRUPO 01 DO GRUPO 01|2.00000|1|12.00|0.00|0|001|5101|2|0.00|17.00|0.00|0.00|0.00|0.00|0|||0.00|0.00|0.00||0.00|0.0000|0.000|0.0000|0.00||0.00|0.0000|0.000|0.0000|0.00||
|C170|1|7896019606226|PRODUTO 01 DO SUBGRUPO 01 DO GRUPO 01|2.00000|1|12.00|0.00|0|001|5101|2|0.00|17.00|0.00|0.00|0.00|0.00|0|||0.00|0.00|0.00|01|0.00|0.6500|0.000|0.0000|0.00||0.00|0.0000|0.000|0.0000|0.00||
|C170|1|7896019606226|PRODUTO 01 DO SUBGRUPO 01 DO GRUPO 01|2.00000|1|12.00|0.00|0|001|5101|2|0.00|17.00|0.00|0.00|0.00|0.00|0|||0.00|0.00|0.00||0.00|0.0000|0.000|0.0000|0.00||0.00|0.0000|0.000|0.0000|0.00||
|C170|1|7896019606226|PRODUTO 01 DO SUBGRUPO 01 DO GRUPO 01|2.00000|1|12.00|0.00|0|001|5101|2|0.00|17.00|0.00|0.00|0.00|0.00|0|||0.00|0.00|0.00|01|0.00|0.6500|0.000|0.0000|0.00||0.00|0.0000|0.000|0.0000|0.00||
|C170|1|7896019606226|PRODUTO 01 DO SUBGRUPO 01 DO GRUPO 01|2.00000|1|12.00|0.00|0|001|5101|2|0.00|17.00|0.00|0.00|0.00|0.00|0|51||0.00|0.00|0.00||0.00|0.0000|0.000|0.0000|0.00||0.00|0.0000|0.000|0.0000|0.00||
|C170|1|7896019606226|PRODUTO 01 DO SUBGRUPO 01 DO GRUPO 01|2.00000|1|12.00|0.00|0|001|5101|2|0.00|17.00|0.00|0.00|0.00|0.00|0|51||0.00|0.00|0.00|01|0.00|0.6500|0.000|0.0000|0.00||0.00|0.0000|0.000|0.0000|0.00||
|C170|1|7896019606226|PRODUTO 01 DO SUBGRUPO 01 DO GRUPO 01|2.00000|1|12.00|0.00|0|001|5101|2|0.00|17.00|0.00|0.00|0.00|0.00|0|51||0.00|0.00|0.00||0.00|0.0000|0.000|0.0000|0.00||0.00|0.0000|0.000|0.0000|0.00||
|C170|1|7896019606226|PRODUTO 01 DO SUBGRUPO 01 DO GRUPO 01|2.00000|1|12.00|0.00|0|001|5101|2|0.00|17.00|0.00|0.00|0.00|0.00|0|51||0.00|0.00|0.00|01|0.00|0.6500|0.000|0.0000|0.00||0.00|0.0000|0.000|0.0000|0.00||
|C170|1|7896019606226|PRODUTO 01 DO SUBGRUPO 01 DO GRUPO 01|2.00000|1|12.00|0.00|0|000|5101|2|0.00|17.00|0.00|0.00|0.00|0.00|0|||0.00|0.00|0.00||0.00|0.0000|0.000|0.0000|0.00||0.00|0.0000|0.000|0.0000|0.00||
|C170|1|7896019606226|PRODUTO 01 DO SUBGRUPO 01 DO GRUPO 01|2.00000|1|12.00|0.00|0|000|5101|2|0.00|17.00|0.00|0.00|0.00|0.00|0|||0.00|0.00|0.00|01|0.00|0.6500|0.000|0.0000|0.00||0.00|0.0000|0.000|0.0000|0.00||
|C170|1|7896019606226|PRODUTO 01 DO SUBGRUPO 01 DO GRUPO 01|2.00000|1|12.00|0.00|0|000|5101|2|0.00|17.00|0.00|0.00|0.00|0.00|0|||0.00|0.00|0.00||0.00|0.0000|0.000|0.0000|0.00||0.00|0.0000|0.000|0.0000|0.00||
|C170|1|7896019606226|PRODUTO 01 DO SUBGRUPO 01 DO GRUPO 01|2.00000|1|12.00|0.00|0|000|5101|2|0.00|17.00|0.00|0.00|0.00|0.00|0|||0.00|0.00|0.00|01|0.00|0.6500|0.000|0.0000|0.00||0.00|0.0000|0.000|0.0000|0.00||
|C170|1|7896019606226|PRODUTO 01 DO SUBGRUPO 01 DO GRUPO 01|2.00000|1|12.00|0.00|0|000|5101|2|0.00|17.00|0.00|0.00|0.00|0.00|0|51||0.00|0.00|0.00||0.00|0.0000|0.000|0.0000|0.00||0.00|0.0000|0.000|0.0000|0.00||
|C170|1|7896019606226|PRODUTO 01 DO SUBGRUPO 01 DO GRUPO 01|2.00000|1|12.00|0.00|0|000|5101|2|0.00|17.00|0.00|0.00|0.00|0.00|0|51||0.00|0.00|0.00|01|0.00|0.6500|0.000|0.0000|0.00||0.00|0.0000|0.000|0.0000|0.00||
|C170|1|7896019606226|PRODUTO 01 DO SUBGRUPO 01 DO GRUPO 01|2.00000|1|12.00|0.00|0|000|5101|2|0.00|17.00|0.00|0.00|0.00|0.00|0|51||0.00|0.00|0.00||0.00|0.0000|0.000|0.0000|0.00||0.00|0.0000|0.000|0.0000|0.00||
|C170|1|7896019606226|PRODUTO 01 DO SUBGRUPO 01 DO GRUPO 01|2.00000|1|12.00|0.00|0|000|5101|2|0.00|17.00|0.00|0.00|0.00|0.00|0|51||0.00|0.00|0.00|01|0.00|0.6500|0.000|0.0000|0.00||0.00|0.0000|0.000|0.0000|0.00||
|C170|1|7896019606226|PRODUTO 01 DO SUBGRUPO 01 DO GRUPO 01|2.00000|1|12.00|0.00|0|000|5101|2|0.00|17.00|0.00|0.00|0.00|0.00|0|||0.00|0.00|0.00||0.00|0.0000|0.000|0.0000|0.00||0.00|0.0000|0.000|0.0000|0.00||
|C170|1|7896019606226|PRODUTO 01 DO SUBGRUPO 01 DO GRUPO 01|2.00000|1|12.00|0.00|0|000|5101|2|0.00|17.00|0.00|0.00|0.00|0.00|0|||0.00|0.00|0.00|01|0.00|0.6500|0.000|0.0000|0.00||0.00|0.0000|0.000|0.0000|0.00||
|C170|1|7896019606226|PRODUTO 01 DO SUBGRUPO 01 DO GRUPO 01|2.00000|1|12.00|0.00|0|000|5101|2|0.00|17.00|0.00|0.00|0.00|0.00|0|||0.00|0.00|0.00||0.00|0.0000|0.000|0.0000|0.00||0.00|0.0000|0.000|0.0000|0.00||
|C170|1|7896019606226|PRODUTO 01 DO SUBGRUPO 01 DO GRUPO 01|2.00000|1|12.00|0.00|0|000|5101|2|0.00|17.00|0.00|0.00|0.00|0.00|0|||0.00|0.00|0.00|01|0.00|0.6500|0.000|0.0000|0.00||0.00|0.0000|0.000|0.0000|0.00||
|C170|1|7896019606226|PRODUTO 01 DO SUBGRUPO 01 DO GRUPO 01|2.00000|1|12.00|0.00|0|000|5101|2|0.00|17.00|0.00|0.00|0.00|0.00|0|51||0.00|0.00|0.00||0.00|0.0000|0.000|0.0000|0.00||0.00|0.0000|0.000|0.0000|0.00||
|C170|1|7896019606226|PRODUTO 01 DO SUBGRUPO 01 DO GRUPO 01|2.00000|1|12.00|0.00|0|000|5101|2|0.00|17.00|0.00|0.00|0.00|0.00|0|51||0.00|0.00|0.00|01|0.00|0.6500|0.000|0.0000|0.00||0.00|0.0000|0.000|0.0000|0.00||
|C170|1|7896019606226|PRODUTO 01 DO SUBGRUPO 01 DO GRUPO 01|2.00000|1|12.00|0.00|0|000|5101|2|0.00|17.00|0.00|0.00|0.00|0.00|0|51||0.00|0.00|0.00||0.00|0.0000|0.000|0.0000|0.00||0.00|0.0000|0.000|0.0000|0.00||
|C170|1|7896019606226|PRODUTO 01 DO SUBGRUPO 01 DO GRUPO 01|2.00000|1|12.00|0.00|0|000|5101|2|0.00|17.00|0.00|0.00|0.00|0.00|0|51||0.00|0.00|0.00|01|0.00|0.6500|0.000|0.0000|0.00||0.00|0.0000|0.000|0.0000|0.00||
|C170|1|7896019606226|PRODUTO 01 DO SUBGRUPO 01 DO GRUPO 01|2.00000|1|12.00|0.00|0|001|5101|2|0.00|17.00|0.00|0.00|0.00|0.00|0|||0.00|0.00|0.00||0.00|0.0000|0.000|0.0000|0.00|01|0.00|3.0000|0.000|0.0000|0.00||
|C170|1|7896019606226|PRODUTO 01 DO SUBGRUPO 01 DO GRUPO 01|2.00000|1|12.00|0.00|0|001|5101|2|0.00|17.00|0.00|0.00|0.00|0.00|0|||0.00|0.00|0.00|01|0.00|0.6500|0.000|0.0000|0.00|01|0.00|3.0000|0.000|0.0000|0.00||
|C170|1|7896019606226|PRODUTO 01 DO SUBGRUPO 01 DO GRUPO 01|2.00000|1|12.00|0.00|0|001|5101|2|0.00|17.00|0.00|0.00|0.00|0.00|0|||0.00|0.00|0.00||0.00|0.0000|0.000|0.0000|0.00|01|0.00|3.0000|0.000|0.0000|0.00||
|C170|1|7896019606226|PRODUTO 01 DO SUBGRUPO 01 DO GRUPO 01|2.00000|1|12.00|0.00|0|001|5101|2|0.00|17.00|0.00|0.00|0.00|0.00|0|||0.00|0.00|0.00|01|0.00|0.6500|0.000|0.0000|0.00|01|0.00|3.0000|0.000|0.0000|0.00||
|C170|1|7896019606226|PRODUTO 01 DO SUBGRUPO 01 DO GRUPO 01|2.00000|1|12.00|0.00|0|001|5101|2|0.00|17.00|0.00|0.00|0.00|0.00|0|51||0.00|0.00|0.00||0.00|0.0000|0.000|0.0000|0.00|01|0.00|3.0000|0.000|0.0000|0.00||
|C170|1|7896019606226|PRODUTO 01 DO SUBGRUPO 01 DO GRUPO 01|2.00000|1|12.00|0.00|0|001|5101|2|0.00|17.00|0.00|0.00|0.00|0.00|0|51||0.00|0.00|0.00|01|0.00|0.6500|0.000|0.0000|0.00|01|0.00|3.0000|0.000|0.0000|0.00||
|C170|1|7896019606226|PRODUTO 01 DO SUBGRUPO 01 DO GRUPO 01|2.00000|1|12.00|0.00|0|001|5101|2|0.00|17.00|0.00|0.00|0.00|0.00|0|51||0.00|0.00|0.00||0.00|0.0000|0.000|0.0000|0.00|01|0.00|3.0000|0.000|0.0000|0.00||
|C170|1|7896019606226|PRODUTO 01 DO SUBGRUPO 01 DO GRUPO 01|2.00000|1|12.00|0.00|0|001|5101|2|0.00|17.00|0.00|0.00|0.00|0.00|0|51||0.00|0.00|0.00|01|0.00|0.6500|0.000|0.0000|0.00|01|0.00|3.0000|0.000|0.0000|0.00||
|C170|1|7896019606226|PRODUTO 01 DO SUBGRUPO 01 DO GRUPO 01|2.00000|1|12.00|0.00|0|001|5101|2|0.00|17.00|0.00|0.00|0.00|0.00|0|||0.00|0.00|0.00||0.00|0.0000|0.000|0.0000|0.00|01|0.00|3.0000|0.000|0.0000|0.00||
|C170|1|7896019606226|PRODUTO 01 DO SUBGRUPO 01 DO GRUPO 01|2.00000|1|12.00|0.00|0|001|5101|2|0.00|17.00|0.00|0.00|0.00|0.00|0|||0.00|0.00|0.00|01|0.00|0.6500|0.000|0.0000|0.00|01|0.00|3.0000|0.000|0.0000|0.00||
|C170|1|7896019606226|PRODUTO 01 DO SUBGRUPO 01 DO GRUPO 01|2.00000|1|12.00|0.00|0|001|5101|2|0.00|17.00|0.00|0.00|0.00|0.00|0|||0.00|0.00|0.00||0.00|0.0000|0.000|0.0000|0.00|01|0.00|3.0000|0.000|0.0000|0.00||
|C170|1|7896019606226|PRODUTO 01 DO SUBGRUPO 01 DO GRUPO 01|2.00000|1|12.00|0.00|0|001|5101|2|0.00|17.00|0.00|0.00|0.00|0.00|0|||0.00|0.00|0.00|01|0.00|0.6500|0.000|0.0000|0.00|01|0.00|3.0000|0.000|0.0000|0.00||
|C170|1|7896019606226|PRODUTO 01 DO SUBGRUPO 01 DO GRUPO 01|2.00000|1|12.00|0.00|0|001|5101|2|0.00|17.00|0.00|0.00|0.00|0.00|0|51||0.00|0.00|0.00||0.00|0.0000|0.000|0.0000|0.00|01|0.00|3.0000|0.000|0.0000|0.00||
|C170|1|7896019606226|PRODUTO 01 DO SUBGRUPO 01 DO GRUPO 01|2.00000|1|12.00|0.00|0|001|5101|2|0.00|17.00|0.00|0.00|0.00|0.00|0|51||0.00|0.00|0.00|01|0.00|0.6500|0.000|0.0000|0.00|01|0.00|3.0000|0.000|0.0000|0.00||
|C170|1|7896019606226|PRODUTO 01 DO SUBGRUPO 01 DO GRUPO 01|2.00000|1|12.00|0.00|0|001|5101|2|0.00|17.00|0.00|0.00|0.00|0.00|0|51||0.00|0.00|0.00||0.00|0.0000|0.000|0.0000|0.00|01|0.00|3.0000|0.000|0.0000|0.00||
|C170|1|7896019606226|PRODUTO 01 DO SUBGRUPO 01 DO GRUPO 01|2.00000|1|12.00|0.00|0|001|5101|2|0.00|17.00|0.00|0.00|0.00|0.00|0|51||0.00|0.00|0.00|01|0.00|0.6500|0.000|0.0000|0.00|01|0.00|3.0000|0.000|0.0000|0.00||
|C170|1|7896019606226|PRODUTO 01 DO SUBGRUPO 01 DO GRUPO 01|2.00000|1|12.00|0.00|0|000|5101|2|0.00|17.00|0.00|0.00|0.00|0.00|0|||0.00|0.00|0.00||0.00|0.0000|0.000|0.0000|0.00|01|0.00|3.0000|0.000|0.0000|0.00||
|C170|1|7896019606226|PRODUTO 01 DO SUBGRUPO 01 DO GRUPO 01|2.00000|1|12.00|0.00|0|000|5101|2|0.00|17.00|0.00|0.00|0.00|0.00|0|||0.00|0.00|0.00|01|0.00|0.6500|0.000|0.0000|0.00|01|0.00|3.0000|0.000|0.0000|0.00||
|C170|1|7896019606226|PRODUTO 01 DO SUBGRUPO 01 DO GRUPO 01|2.00000|1|12.00|0.00|0|000|5101|2|0.00|17.00|0.00|0.00|0.00|0.00|0|||0.00|0.00|0.00||0.00|0.0000|0.000|0.0000|0.00|01|0.00|3.0000|0.000|0.0000|0.00||
|C170|1|7896019606226|PRODUTO 01 DO SUBGRUPO 01 DO GRUPO 01|2.00000|1|12.00|0.00|0|000|5101|2|0.00|17.00|0.00|0.00|0.00|0.00|0|||0.00|0.00|0.00|01|0.00|0.6500|0.000|0.0000|0.00|01|0.00|3.0000|0.000|0.0000|0.00||
|C170|1|7896019606226|PRODUTO 01 DO SUBGRUPO 01 DO GRUPO 01|2.00000|1|12.00|0.00|0|000|5101|2|0.00|17.00|0.00|0.00|0.00|0.00|0|51||0.00|0.00|0.00||0.00|0.0000|0.000|0.0000|0.00|01|0.00|3.0000|0.000|0.0000|0.00||
|C170|1|7896019606226|PRODUTO 01 DO SUBGRUPO 01 DO GRUPO 01|2.00000|1|12.00|0.00|0|000|5101|2|0.00|17.00|0.00|0.00|0.00|0.00|0|51||0.00|0.00|0.00|01|0.00|0.6500|0.000|0.0000|0.00|01|0.00|3.0000|0.000|0.0000|0.00||
|C170|1|7896019606226|PRODUTO 01 DO SUBGRUPO 01 DO GRUPO 01|2.00000|1|12.00|0.00|0|000|5101|2|0.00|17.00|0.00|0.00|0.00|0.00|0|51||0.00|0.00|0.00||0.00|0.0000|0.000|0.0000|0.00|01|0.00|3.0000|0.000|0.0000|0.00||
|C170|1|7896019606226|PRODUTO 01 DO SUBGRUPO 01 DO GRUPO 01|2.00000|1|12.00|0.00|0|000|5101|2|0.00|17.00|0.00|0.00|0.00|0.00|0|51||0.00|0.00|0.00|01|0.00|0.6500|0.000|0.0000|0.00|01|0.00|3.0000|0.000|0.0000|0.00||
|C170|1|7896019606226|PRODUTO 01 DO SUBGRUPO 01 DO GRUPO 01|2.00000|1|12.00|0.00|0|000|5101|2|0.00|17.00|0.00|0.00|0.00|0.00|0|||0.00|0.00|0.00||0.00|0.0000|0.000|0.0000|0.00|01|0.00|3.0000|0.000|0.0000|0.00||
|C170|1|7896019606226|PRODUTO 01 DO SUBGRUPO 01 DO GRUPO 01|2.00000|1|12.00|0.00|0|000|5101|2|0.00|17.00|0.00|0.00|0.00|0.00|0|||0.00|0.00|0.00|01|0.00|0.6500|0.000|0.0000|0.00|01|0.00|3.0000|0.000|0.0000|0.00||
|C170|1|7896019606226|PRODUTO 01 DO SUBGRUPO 01 DO GRUPO 01|2.00000|1|12.00|0.00|0|000|5101|2|0.00|17.00|0.00|0.00|0.00|0.00|0|||0.00|0.00|0.00||0.00|0.0000|0.000|0.0000|0.00|01|0.00|3.0000|0.000|0.0000|0.00||
|C170|1|7896019606226|PRODUTO 01 DO SUBGRUPO 01 DO GRUPO 01|2.00000|1|12.00|0.00|0|000|5101|2|0.00|17.00|0.00|0.00|0.00|0.00|0|||0.00|0.00|0.00|01|0.00|0.6500|0.000|0.0000|0.00|01|0.00|3.0000|0.000|0.0000|0.00||
|C170|1|7896019606226|PRODUTO 01 DO SUBGRUPO 01 DO GRUPO 01|2.00000|1|12.00|0.00|0|000|5101|2|0.00|17.00|0.00|0.00|0.00|0.00|0|51||0.00|0.00|0.00||0.00|0.0000|0.000|0.0000|0.00|01|0.00|3.0000|0.000|0.0000|0.00||
|C170|1|7896019606226|PRODUTO 01 DO SUBGRUPO 01 DO GRUPO 01|2.00000|1|12.00|0.00|0|000|5101|2|0.00|17.00|0.00|0.00|0.00|0.00|0|51||0.00|0.00|0.00|01|0.00|0.6500|0.000|0.0000|0.00|01|0.00|3.0000|0.000|0.0000|0.00||
|C170|1|7896019606226|PRODUTO 01 DO SUBGRUPO 01 DO GRUPO 01|2.00000|1|12.00|0.00|0|000|5101|2|0.00|17.00|0.00|0.00|0.00|0.00|0|51||0.00|0.00|0.00||0.00|0.0000|0.000|0.0000|0.00|01|0.00|3.0000|0.000|0.0000|0.00||
|C170|1|7896019606226|PRODUTO 01 DO SUBGRUPO 01 DO GRUPO 01|2.00000|1|12.00|0.00|0|000|5101|2|0.00|17.00|0.00|0.00|0.00|0.00|0|51||0.00|0.00|0.00|01|0.00|0.6500|0.000|0.0000|0.00|01|0.00|3.0000|0.000|0.0000|0.00||
|C190|000|5101|17.00|384.00|0.00|0.00|0.00|0.00|0.00|0.00||
|C190|001|5101|17.00|384.00|0.00|0.00|0.00|0.00|0.00|0.00||
|C100|1|0|F0|55|00|001|000000018|53140800000000000191550010000000181000000185|02082014|02082014|0.00|0|0.00|0.00|0.00|2|0.00|0.00|0.00|0.00|0.00|0.00|0.00|0.00|0.00|0.00|0.00|0.00|
|C100|1|0|F0|55|00|001|000000019|53140800000000000191550010000000191000000190|02082014|02082014|0.00|0|0.00|0.00|0.00|2|0.00|0.00|0.00|0.00|0.00|0.00|0.00|0.00|0.00|0.00|0.00|0.00|
|C100|1|0|C1|55|00|001|000000020|53140800000000000191550010000000201000000205|02082014|02082014|18.00|0|0.00|0.00|18.00|2|0.00|0.00|0.00|0.00|0.00|0.00|0.00|0.00|0.00|0.00|0.00|0.00|
|C170|1|7896019606226|PRODUTO 01 DO SUBGRUPO 01 DO GRUPO 01|3.00000|1|18.00|0.00|0|000|5101|2|0.00|17.00|0.00|0.00|0.00|0.00|0|51||0.00|0.00|0.00|01|0.00|0.6500|0.000|0.0000|0.00|01|0.00|3.0000|0.000|0.0000|0.00||
|C190|000|5101|17.00|18.00|0.00|0.00|0.00|0.00|0.00|0.00||
|C100|1|0|C1|55|00|001|000000021|53140800000000000191550010000000211000000210|02082014|02082014|18.00|0|0.00|0.00|18.00|2|0.00|0.00|0.00|0.00|0.00|0.00|0.00|0.00|0.00|0.00|0.00|0.00|
|C170|1|7896019606226|PRODUTO 01 DO SUBGRUPO 01 DO GRUPO 01|3.00000|1|18.00|0.00|0|000|5101|2|0.00|17.00|0.00|0.00|0.00|0.00|0|51||0.00|0.00|0.00|01|0.00|0.6500|0.000|0.0000|0.00|01|0.00|3.0000|0.000|0.0000|0.00||
|C190|000|5101|17.00|18.00|0.00|0.00|0.00|0.00|0.00|0.00||
|C100|1|0|F0|55|00|001|000000022|53140800000000000191550010000000221000000226|02082014|02082014|0.00|0|0.00|0.00|0.00|2|0.00|0.00|0.00|0.00|0.00|0.00|0.00|0.00|0.00|0.00|0.00|0.00|
|C100|1|0|C1|55|00|001|000000023|53140800000000000191550010000000231000000231|02082014|02082014|49.00|0|0.00|0.00|49.00|2|0.00|0.00|0.00|0.00|0.00|0.00|0.00|0.00|0.00|0.00|0.00|0.00|
|C170|1|7896019606226|PRODUTO 01 DO SUBGRUPO 01 DO GRUPO 01|4.00000|1|24.00|0.00|0|000|5101|2|0.00|17.00|0.00|0.00|0.00|0.00|0|51||0.00|0.00|0.00|01|0.00|0.6500|0.000|0.0000|0.00|01|0.00|3.0000|0.000|0.0000|0.00||
|C170|2|5556667|555666|5.00000|1|25.00|0.00|0|000|5101|2|0.00|17.00|0.00|0.00|0.00|0.00|0|51||0.00|0.00|0.00|01|0.00|0.6500|0.000|0.0000|0.00|01|0.00|3.0000|0.000|0.0000|0.00||
|C190|000|5101|17.00|49.00|0.00|0.00|0.00|0.00|0.00|0.00||
|C100|1|0|F0|55|00|001|000000024|53140800000000000191550010000000241000000247|02082014|02082014|0.00|0|0.00|0.00|0.00|2|0.00|0.00|0.00|0.00|0.00|0.00|0.00|0.00|0.00|0.00|0.00|0.00|
|C100|1|0|F0|55|00|001|000000025|53140800000000000191550010000000251000000252|02082014|02082014|0.00|0|0.00|0.00|0.00|2|0.00|0.00|0.00|0.00|0.00|0.00|0.00|0.00|0.00|0.00|0.00|0.00|
|C100|1|0|F0|55|00|001|000000026|53140800000000000191550010000000261000000268|02082014|02082014|0.00|0|0.00|0.00|0.00|2|0.00|0.00|0.00|0.00|0.00|0.00|0.00|0.00|0.00|0.00|0.00|0.00|
|C100|1|0|C1|55|00|001|000000027|53140800000000000191550010000000271000000273|02082014|02082014|0.00|0|0.00|0.00|0.00|2|0.00|0.00|0.00|0.00|0.00|0.00|0.00|0.00|0.00|0.00|0.00|0.00|
|C100|1|0|F0|55|00|001|000000028|53140800000000000191550010000000281000000289|02082014|02082014|0.00|0|0.00|0.00|0.00|2|0.00|0.00|0.00|0.00|0.00|0.00|0.00|0.00|0.00|0.00|0.00|0.00|
|C100|1|0|C1|55|00|001|000000029|53140800000000000191550010000000291000000294|02082014|02082014|0.00|0|0.00|0.00|0.00|2|0.00|0.00|0.00|0.00|0.00|0.00|0.00|0.00|0.00|0.00|0.00|0.00|
|C100|1|0|C1|55|00|001|000000030|53140800000000000191550010000000301000000309|02082014|02082014|0.00|0|0.00|0.00|0.00|2|0.00|0.00|0.00|0.00|0.00|0.00|0.00|0.00|0.00|0.00|0.00|0.00|
|C100|1|0|C1|55|00|001|000000031|53140800000000000191550010000000311000000314|02082014|02082014|334.00|0|0.00|0.00|334.00|2|0.00|0.00|0.00|0.00|0.00|0.00|0.00|0.00|0.00|0.00|0.00|0.00|
|C170|1|7896019606226|PRODUTO 01 DO SUBGRUPO 01 DO GRUPO 01|2.00000|1|12.00|0.00|0|000|5101|2|0.00|17.00|0.00|0.00|0.00|0.00|0|51||0.00|0.00|0.00|01|0.00|0.6500|0.000|0.0000|0.00|01|0.00|3.0000|0.000|0.0000|0.00||
|C170|2|7897975018016|PRODUTO 01 DO SUBGRUPO 02 DO GRUPO 01|5.00000|2|300.00|0.00|0|000|5101|2|0.00|17.00|0.00|0.00|0.00|0.00|0|51||0.00|0.00|0.00|01|0.00|0.6500|0.000|0.0000|0.00|01|0.00|3.0000|0.000|0.0000|0.00||
|C170|3|66666666666|66666666|4.00000|1|22.00|0.00|0|000|5101|2|0.00|17.00|0.00|0.00|0.00|0.00|0|51||0.00|0.00|0.00|01|0.00|0.6500|0.000|0.0000|0.00|01|0.00|3.0000|0.000|0.0000|0.00||
|C190|000|5101|17.00|334.00|0.00|0.00|0.00|0.00|0.00|0.00||
|C100|1|0|F0|55|00|001|000000032|53140800000000000191550010000000321000000320|10082014|10082014|0.00|0|0.00|0.00|0.00|2|0.00|0.00|0.00|0.00|0.00|0.00|0.00|0.00|0.00|0.00|0.00|0.00|
|C100|1|0|F0|55|00|001|000000033|53140800000000000191550010000000331000000335|10082014|10082014|0.00|0|0.00|0.00|0.00|2|0.00|0.00|0.00|0.00|0.00|0.00|0.00|0.00|0.00|0.00|0.00|0.00|
|C100|1|0|F0|55|00|001|000000034|53140800000000000191550010000000341000000340|10082014|10082014|0.00|0|0.00|0.00|0.00|2|0.00|0.00|0.00|0.00|0.00|0.00|0.00|0.00|0.00|0.00|0.00|0.00|
|C100|1|0|C1|55|00|001|000000035|53140800000000000191550010000000351000000356|10082014|10082014|6.00|0|0.00|0.00|6.00|2|0.00|0.00|0.00|0.00|0.00|0.00|0.00|0.00|0.00|0.00|0.00|0.00|
|C170|1|7896019606226|PRODUTO 01 DO SUBGRUPO 01 DO GRUPO 01|1.00000|1|6.00|0.00|0|000|5101|2|0.00|17.00|0.00|0.00|0.00|0.00|0|51||0.00|0.00|0.00|01|0.00|0.6500|0.000|0.0000|0.00|01|0.00|3.0000|0.000|0.0000|0.00||
|C190|000|5101|17.00|6.00|0.00|0.00|0.00|0.00|0.00|0.00||
|C100|1|0|F0|55|00|001|000000036|53140800000000000191550010000000361000000361|10082014|10082014|0.00|0|0.00|0.00|0.00|2|0.00|0.00|0.00|0.00|0.00|0.00|0.00|0.00|0.00|0.00|0.00|0.00|
|C100|1|0|F0|55|00|001|000000037|53140800000000000191550010000000371000000377|10082014|10082014|0.00|0|0.00|0.00|0.00|2|0.00|0.00|0.00|0.00|0.00|0.00|0.00|0.00|0.00|0.00|0.00|0.00|
|C100|1|0|C1|55|00|001|000000038|53140800000000000191550010000000381000000382|10082014|10082014|6.00|0|0.00|0.00|6.00|2|0.00|0.00|0.00|0.00|0.00|0.00|0.00|0.00|0.00|0.00|0.00|0.00|
|C170|1|7896019606226|PRODUTO 01 DO SUBGRUPO 01 DO GRUPO 01|1.00000|1|6.00|0.00|0|000|5101|2|0.00|17.00|0.00|0.00|0.00|0.00|0|51||0.00|0.00|0.00|01|0.00|0.6500|0.000|0.0000|0.00|01|0.00|3.0000|0.000|0.0000|0.00||
|C190|000|5101|17.00|6.00|0.00|0.00|0.00|0.00|0.00|0.00||
|C100|1|0|F0|55|00|001|000000039|53140800000000000191550010000000391000000398|10082014|10082014|0.00|0|0.00|0.00|0.00|2|0.00|0.00|0.00|0.00|0.00|0.00|0.00|0.00|0.00|0.00|0.00|0.00|
|C100|1|0|C1|55|00|001|000000040|53140800000000000191550010000000401000000402|10082014|10082014|0.00|0|0.00|0.00|0.00|2|0.00|0.00|0.00|0.00|0.00|0.00|0.00|0.00|0.00|0.00|0.00|0.00|
|C100|1|0|C1|55|00|001|000000041|53140800000000000191550010000000411000000418|10082014|10082014|66.00|0|0.00|0.00|66.00|2|0.00|0.00|0.00|0.00|0.00|0.00|0.00|0.00|0.00|0.00|0.00|0.00|
|C170|1|7896019606226|PRODUTO 01 DO SUBGRUPO 01 DO GRUPO 01|1.00000|1|6.00|0.00|0|000|5101|2|0.00|17.00|0.00|0.00|0.00|0.00|0|51||0.00|0.00|0.00|01|0.00|0.6500|0.000|0.0000|0.00|01|0.00|3.0000|0.000|0.0000|0.00||
|C170|2|7897975018016|PRODUTO 01 DO SUBGRUPO 02 DO GRUPO 01|1.00000|2|60.00|0.00|0|000|5101|2|0.00|17.00|0.00|0.00|0.00|0.00|0|51||0.00|0.00|0.00|01|0.00|0.6500|0.000|0.0000|0.00|01|0.00|3.0000|0.000|0.0000|0.00||
|C190|000|5101|17.00|66.00|0.00|0.00|0.00|0.00|0.00|0.00||
|C100|1|0|F0|55|00|001|000000042|53140800000000000191550010000000421000000423|10082014|10082014|0.00|0|0.00|0.00|0.00|2|0.00|0.00|0.00|0.00|0.00|0.00|0.00|0.00|0.00|0.00|0.00|0.00|
|C100|1|0|C1|55|00|001|000000043|53140800000000000191550010000000431000000439|10082014|10082014|6.00|0|0.00|0.00|6.00|2|0.00|0.00|0.00|0.00|0.00|0.00|0.00|0.00|0.00|0.00|0.00|0.00|
|C170|1|7896019606226|PRODUTO 01 DO SUBGRUPO 01 DO GRUPO 01|1.00000|1|6.00|0.00|0|000|5101|2|0.00|17.00|0.00|0.00|0.00|0.00|0|51||0.00|0.00|0.00|01|0.00|0.6500|0.000|0.0000|0.00|01|0.00|3.0000|0.000|0.0000|0.00||
|C190|000|5101|17.00|6.00|0.00|0.00|0.00|0.00|0.00|0.00||
|C350|D||999|08082014|11111111111|6.00|6.00|0.00|0.00|0.00||
|C990|129|
|D001|1|
|D990|2|
|E001|0|
|E100|01082014|10082014|
|E110|0.00|0.00|0.00|0.00|0.00|0.00|0.00|0.00|0.00|0.00|0.00|0.00|0.00|0.00|
|E990|4|
|G001|1|
|G990|2|
|H001|1|
|H990|2|
|1001|0|
|1010|N|N|N|N|N|N|N|N|N|
|1990|3|
|9001|0|
|9900|0000|1|
|9900|0001|1|
|9900|0005|1|
|9900|0100|1|
|9900|0150|1|
|9900|0190|2|
|9900|0200|4|
|9900|0400|7|
|9900|0990|1|
|9900|C001|1|
|9900|C100|36|
|9900|C170|79|
|9900|C190|11|
|9900|C350|1|
|9900|C990|1|
|9900|D001|1|
|9900|D990|1|
|9900|E001|1|
|9900|E100|1|
|9900|E110|1|
|9900|E990|1|
|9900|G001|1|
|9900|G990|1|
|9900|H001|1|
|9900|H990|1|
|9900|1001|1|
|9900|1010|1|
|9900|1990|1|
|9900|9001|1|
|9900|9900|32|
|9900|9990|1|
|9900|9999|1|
|9990|35|
|9999|196|
