00100000         2031641550001510015695510014       0157680000000128481 T2TI - TECNOLOGIA DA INFOM DE BANCO DO BRASIL                         22408201101302700144303000000934134206PROCESSAMEN                                                 
00100011T0100020 20031641550001510015695510014       0157680000000128481 T2TI - TECNOLOGIA DA INFORMCA                                                                                 000000002408201100000000  000000000                      
0010001300001T 060157680000000128481 156955100000223500   1              000000000000000000006500341032120                         0900000000000000000000000000000000000000000000000000000   000000000000000000000050000        180191569551     
0010001300002U 060000000000000000000000000000000000000000000000000000000000000000000000065000000000000060000000000000000000000000000000002408201126082011            000000000000000                              000                           
0010001300003T 0601576800000001284810001000010001311459   1              00000000000000000000715000104220X                         0900000000000000000000000000000000000000000000000000000   000000000000000000000050000        180191569551     
0010001300004U 060000000000000000000000000000000000000000000000000000000000000000000000071500000000000066500000000000000000000000000000002408201126082011            000000000000000                              000                           
00100015         000006000000000000000000000000000000000000000000000000000000000000000000000000000000000000000000000000000000000000000000000000000                                                                                              
00199999         000001000008000000                                                                                                                                                            00000000000000000000000000000                    
