|0000|007|0|01012013|31122013|EMPRESA MATRIZ PARA TESTES|00000000000191||DF||5300108|||A|1|
|0001|0|
|0005|EMPRESA PARA TESTES|70000000|LOGRADOURO EMPRESA|1|COMPLEMENTO|BAIRRO|6130000000|6130000000|testes@empresateste.com|
|0100|||666999||11111111|RUA TAL|11|111|111|1111111111|1111111111|111@GMAIL.COM|0000123|
|0150|F1|TESTE PESSOA FISICA|01058||11111111111||5300108||LOGRADOURO PESSOA FISICA|2|COMPLEMENTO|BAIRRO|
|0150|C1|TESTE PESSOA FISICA|01058||11111111111||5300108||LOGRADOURO PESSOA FISICA|2|COMPLEMENTO|BAIRRO|
|0190|1|UN|
|0190|2|UN|
|0200|1|PRODUTO 01 DO SUBGRUPO 01 DO GRUPO 01|7896019606226||1|00|17049010||17||17.00|
|0200|2|PRODUTO 01 DO SUBGRUPO 02 DO GRUPO 01|7897975018016||2|00|48234000||48||15.00|
|0200|3|LOSARTANA POT+HCTZ 50+12,5MG C/30 GL|7894916143042||1|00|30049099||30||0.00|
|0205|TESTANDO|01012013|31122013|123|
|0400|1|VENDA|
|0400|2|VENDA|
|0400|3|VENDA|
|0400|4|VENDA|
|0400|5|VENDA|
|0400|6|PRESTACAO DE SERVICO|
|0400|7|PRESTACAO DE SERVICO|
|0400|8|teste cfop 5902|
|0990|21|
|C001|0|
|C100|1|0|C1|55|02|001|000000003|53131100000000000191550010000000031000000030|||||||||||||||||||||
|C170|1|7896019606226|ALGESTONA ACET+ENANTATO ESTRADIOL GL|2.00000|1|5.24|0.00|0|010|5403|3|5.24|12.00|0.63|11.56|12.00|0.76|0|||0.00|0.00|0.00|01|0.00|1.65|0.00|0.00|0.00|01|0.00|7.60|0.00|0.00|0.00||
|C190|010|5403|12.00|5.24|5.24|0.63|11.56|0.76|0.00|0.00||
|C100|0|0|F1|55|02|1|229074|41100804831217000102550010002290747977982376|||237.06||||200.60|||||200.60|24.07|504.44|36.46||||||
|C170|13|7897975018016|LOSARTANA POTASSICA 50MG C/30 COMP GL|4.00000|2|28.92|0.00|0|010|5403|0|28.92|12.00|3.47|74.96|12.00|5.53|0|||0.00|0.00|0.00|01|0.00|1.65|0.00|0.00|0.00|01|0.00|7.60|0.00|0.00|0.00||
|C170|14|7894916143042|LOSARTANA POT+HCTZ 50+12,5MG C/30 GL|1.00000|1|8.65|0.00|0|010|5403|0|8.65|12.00|1.04|22.43|12.00|1.65|0|||0.00|0.00|0.00|01|0.00|1.65|0.00|0.00|0.00|01|0.00|7.60|0.00|0.00|0.00||
|C190|010|5403|12.00|37.57|37.57|4.51|97.39|7.18|0.00|0.00||
|C350|01||1|01012013|11111111111|100.00|100.00|0.00|0.00|0.00||
|C350|02||2|02012013|11111111111|200.00|200.00|0.00|0.00|0.00||
|C990|11|
|D001|1|
|D990|2|
|E001|0|
|E100|01012013|31122013|
|E110|0.00|0.00|0.00|0.00|0.00|0.00|0.00|0.00|0.00|0.00|0.00|0.00|0.00|0.00|
|E990|4|
|G001|1|
|G990|2|
|H001|1|
|H990|2|
|1001|0|
|1010|N|N|N|N|N|N|N|N|N|
|1990|3|
|9001|0|
|9900|0000|1|
|9900|0001|1|
|9900|0005|1|
|9900|0100|1|
|9900|0150|2|
|9900|0190|2|
|9900|0200|3|
|9900|0205|1|
|9900|0400|8|
|9900|0990|1|
|9900|C001|1|
|9900|C100|2|
|9900|C170|3|
|9900|C190|2|
|9900|C350|2|
|9900|C990|1|
|9900|D001|1|
|9900|D990|1|
|9900|E001|1|
|9900|E100|1|
|9900|E110|1|
|9900|E990|1|
|9900|G001|1|
|9900|G990|1|
|9900|H001|1|
|9900|H990|1|
|9900|1001|1|
|9900|1010|1|
|9900|1990|1|
|9900|9001|1|
|9900|9900|33|
|9900|9990|1|
|9900|9999|1|
|9990|36|
|9999|81|
