|0000|007|0|01012013|31122013|EMPRESA MATRIZ PARA TESTES|00000000000191||DF||5300108|||A|1|
|0001|0|
|0005|EMPRESA PARA TESTES|70000000|LOGRADOURO EMPRESA|1|COMPLEMENTO|BAIRRO|6130000000|6130000000|testes@empresateste.com|
|0100|||666999||11111111|RUA TAL|11|111|111|1111111111|1111111111|111@GMAIL.COM|0000123|
|0400|1|VENDA|
|0400|2|VENDA|
|0400|3|VENDA|
|0400|4|VENDA|
|0400|5|VENDA|
|0400|6|PRESTACAO DE SERVICO|
|0400|7|PRESTACAO DE SERVICO|
|0400|8|teste cfop 5902|
|0990|13|
|C001|0|
|C100|1|0|F0|55|02|001|000000001|53130600000000000191550010000000011000000014|||||||||||||||||||||
|C100|1|0|F0|55|02|001|000000002|53130900000000000191550010000000021000000020|||||||||||||||||||||
|C350|01||1|01012013|11111111111|100.00|100.00|0.00|0.00|0.00||
|C350|02||2|02012013|11111111111|200.00|200.00|0.00|0.00|0.00||
|C990|6|
|D001|1|
|D990|2|
|E001|0|
|E100|01012013|31122013|
|E110|0.00|0.00|0.00|0.00|0.00|0.00|0.00|0.00|0.00|0.00|0.00|0.00|0.00|0.00|
|E990|4|
|G001|1|
|G990|2|
|H001|1|
|H990|2|
|1001|0|
|1010|N|N|N|N|N|N|N|N|N|
|1990|3|
|9001|0|
|9900|0000|1|
|9900|0001|1|
|9900|0005|1|
|9900|0100|1|
|9900|0400|8|
|9900|0990|1|
|9900|C001|1|
|9900|C100|2|
|9900|C350|2|
|9900|C990|1|
|9900|D001|1|
|9900|D990|1|
|9900|E001|1|
|9900|E100|1|
|9900|E110|1|
|9900|E990|1|
|9900|G001|1|
|9900|G990|1|
|9900|H001|1|
|9900|H990|1|
|9900|1001|1|
|9900|1010|1|
|9900|1990|1|
|9900|9001|1|
|9900|9900|27|
|9900|9990|1|
|9900|9999|1|
|9990|30|
|9999|62|
