|0000|007|0|01012013|31122013|EMPRESA MATRIZ PARA TESTES|00000000000191||DF|0751990400114|5300108|0751990400114||A|1|
|0001|0|
|0005|EMPRESA PARA TESTES|60763588|RUA DA EMPRESA|123|COMPLMENTO|BAIRRO|6130425277||testes@empresateste.com|
|0100||11111111111|666999||00000000||||||||0000000|
|0150|C2|TESTE PESSOA JURIDICA|01058|00000000000191||ISENTO|5300108||RUA JA|12|CLOMPLEMET|BAIRRO|
|0150|C1|TESTE PESSOA FISICA|01058||11111111111|ISENTO|5300108||RUA JU|123|COMP|BAI|
|0150|F2|TESTE PESSOA JURIDICA|01058|00000000000191||ISENTO|5300108||RUA JA|12|CLOMPLEMET|BAIRRO|
|0150|F1|TESTE PESSOA FISICA|01058||11111111111|ISENTO|5300108||RUA JU|123|COMP|BAI|
|0190|1|UN|
|0190|2|UN|
|0200|1|PRODUTO 01 DO SUBGRUPO 01 DO GRUPO 01|7896019606226||1|00|17049010||17||17.00|
|0200|2|PRODUTO 01 DO SUBGRUPO 02 DO GRUPO 01|7897975018016||2|00|48234000||48||15.00|
|0200|3|AMOX+CLAVUL POT 875+125MG C/14 COMP GL|7894916143868||1|00|30041012||30||0.00|
|0200|4|CENEVIT 200MG GOTAS FR 30ML|7896004720333||1|00|30045090||30||0.00|
|0200|5|CLOR RANITIDINA 150MG XPE FR 120ML - GL|7894916143738||1|00|30042059||30||0.00|
|0200|6|DIMETICONA 40MG C/20 COMP - GL|7894916143103||1|00|30049099||30||0.00|
|0200|7|DIPIRONA SODICA 50MG/ML SOL C/100ML - GL|7894916143448||1|00|30049099||30||0.00|
|0200|16|REPOFLOR 100MG C/12 CAPS|7896004715247||1|00|30049099||30||0.00|
|0400|1|VENDA|
|0400|2|VENDA|
|0400|3|VENDA|
|0400|4|VENDA|
|0400|5|VENDA|
|0400|6|PRESTACAO DE SERVICO|
|0400|7|PRESTACAO DE SERVICO|
|0990|26|
|C001|0|
|C100|0|0|F2|01|02|666|666||||3300.00||||3300.00|||||3300.00|561.00||||||||
|C170|1|7896019606226|PRODUTO 01 DO SUBGRUPO 01 DO GRUPO 01|5.00000|1|300.00|0.00|0|000|5103|2|3300.00|17.00|561.00|0.00|0.00|0.00|0|||0.00|0.00|0.00||0.00|0.00|0.00|0.00|0.00||0.00|0.00|0.00|0.00|0.00||
|C170|2|7897975018016|PRODUTO 01 DO SUBGRUPO 02 DO GRUPO 01|5.00000|2|3000.00|0.00|0|000|5103|2|3300.00|17.00|561.00|0.00|0.00|0.00|0|||0.00|0.00|0.00||0.00|0.00|0.00|0.00|0.00||0.00|0.00|0.00|0.00|0.00||
|C190|000|5103|17.00|3300.00|6600.00|1122.00|0.00|0.00|0.00|0.00||
|C100|0|0|F2|01|02|777|777||||||||||||||||||||||
|C170|1|7894916143103|DIMETICONA 40MG C/20 COMP - GL|0.00000|1|0.00|0.00|0|000|0000|2|77.00|77.00|77.00|0.00|0.00|0.00|0|00|77|77.00|77.00|77.00|0|77.00|77.00|77.00|77.00|77.00|00|77.00|77.00|77.00|77.00|77.00||
|C170|2|7894916143448|DIPIRONA SODICA 50MG/ML SOL C/100ML - GL|0.00000|1|0.00|0.00|0|000|0000|2|0.00|0.00|0.00|0.00|0.00|0.00|0|||0.00|0.00|0.00||0.00|0.00|0.00|0.00|0.00||0.00|0.00|0.00|0.00|0.00||
|C190|000|0000|0.00|0.00|0.00|0.00|0.00|0.00|0.00|0.00||
|C190|000|0000|77.00|0.00|77.00|77.00|0.00|0.00|0.00|77.00||
|C100|0|0|F2|01|02|888|888||||||||||||||||||||||
|C170|2|7896004715247|REPOFLOR 100MG C/12 CAPS|0.00000|1|0.00|0.00|0|000|0000|2|0.00|0.00|0.00|0.00|0.00|0.00|0|||0.00|0.00|0.00||0.00|0.00|0.00|0.00|0.00||0.00|0.00|0.00|0.00|0.00||
|C190|000|0000|0.00|0.00|0.00|0.00|0.00|0.00|0.00|0.00||
|C100|0|0|F1|01|02|123|123||||||||||||||||||||||
|C100|0|0|F1|01|02|123|123||||||||||||||||||||||
|C100|0|0|F1|01|02|456|456||||||||||||||||||||||
|C100|0|0|F1|01|02|456|456||||||||||||||||||||||
|C170|1|7896019606226|PRODUTO 01 DO SUBGRUPO 01 DO GRUPO 01|0.00000|1|0.00|0.00|0|000|0000|2|0.00|0.00|0.00|0.00|0.00|0.00|0|||0.00|0.00|0.00||0.00|0.00|0.00|0.00|0.00||0.00|0.00|0.00|0.00|0.00||
|C170|2|7897975018016|PRODUTO 01 DO SUBGRUPO 02 DO GRUPO 01|0.00000|2|0.00|0.00|0|000|0000|2|0.00|0.00|0.00|0.00|0.00|0.00|0|||0.00|0.00|0.00||0.00|0.00|0.00|0.00|0.00||0.00|0.00|0.00|0.00|0.00||
|C190|000|0000|0.00|0.00|0.00|0.00|0.00|0.00|0.00|0.00||
|C100|1|0|F1|01|02|999|999||||||||||||||||||||||
|C170|1|7896019606226|PRODUTO 01 DO SUBGRUPO 01 DO GRUPO 01|0.00000|1|0.00|0.00|0|000|0000|2|0.00|0.00|0.00|0.00|0.00|0.00|0|||0.00|0.00|0.00||0.00|0.00|0.00|0.00|0.00||0.00|0.00|0.00|0.00|0.00||
|C190|000|0000|0.00|0.00|0.00|0.00|0.00|0.00|0.00|0.00||
|C100|1|0|F1|01|02||555||||||||||||||||||||||
|C100|1|0|F1|01|02|147|147||||||||||||||||||||||
|C170|1|7896019606226|PRODUTO 01 DO SUBGRUPO 01 DO GRUPO 01|2.00000|1|0.00|0.00|0|000|0000|2|0.00|0.00|0.00|0.00|0.00|0.00|0|||0.00|0.00|0.00||0.00|0.00|0.00|0.00|0.00||0.00|0.00|0.00|0.00|0.00||
|C170|2|7897975018016|PRODUTO 01 DO SUBGRUPO 02 DO GRUPO 01|2.00000|2|0.00|0.00|0|000|0000|2|0.00|0.00|0.00|0.00|0.00|0.00|0|||0.00|0.00|0.00||0.00|0.00|0.00|0.00|0.00||0.00|0.00|0.00|0.00|0.00||
|C170|3|7894916143868|AMOX+CLAVUL POT 875+125MG C/14 COMP GL|3.00000|1|0.00|0.00|0|000|0000|2|0.00|0.00|0.00|0.00|0.00|0.00|0|||0.00|0.00|0.00||0.00|0.00|0.00|0.00|0.00||0.00|0.00|0.00|0.00|0.00||
|C170|4|7896004720333|CENEVIT 200MG GOTAS FR 30ML|1.00000|1|0.00|0.00|0|000|0000|2|0.00|0.00|0.00|0.00|0.00|0.00|0|||0.00|0.00|0.00||0.00|0.00|0.00|0.00|0.00||0.00|0.00|0.00|0.00|0.00||
|C190|000|0000|0.00|0.00|0.00|0.00|0.00|0.00|0.00|0.00||
|C100|1|0|C1|55|02|001|000000023|0130400000000000191550010000000231000000231|||||||||||||||||||||
|C100|1|0|F0|55|02|001|000000024|0130400000000000191550010000000241000000247|||||||||||||||||||||
|C100|1|0|F0|55|02|001|000000025|0130400000000000191550010000000251000000252|||||||||||||||||||||
|C100|1|0|F0|55|02|001|000000026|0130400000000000191550010000000261000000268|||||||||||||||||||||
|C100|1|0|F0|55|02|001|000000027|0130400000000000191550010000000271000000273|||||||||||||||||||||
|C100|1|0|F0|55|02|001|000000028|0130400000000000191550010000000281000000289|||||||||||||||||||||
|C100|1|0|F0|55|02|001|000000029|0130400000000000191550010000000291000000294|||||||||||||||||||||
|C100|1|0|C1|55|02|001|000000030|0130400000000000191550010000000301000000309|||||||||||||||||||||
|C170|2|7896019606226|PRODUTO 01 DO SUBGRUPO 01 DO GRUPO 01|1.00000|1|0.00|0.00|0|000|0000|2|0.00|0.00|0.00|0.00|0.00|0.00|0|||0.00|0.00|0.00||0.00|0.00|0.00|0.00|0.00||0.00|0.00|0.00|0.00|0.00||
|C190|000|0000|0.00|0.00|0.00|0.00|0.00|0.00|0.00|0.00||
|C100|1|0|F0|55|02|001|000000031|0130400000000000191550010000000311000000314|||||||||||||||||||||
|C100|1|0|F0|55|02|001|000000032|0130400000000000191550010000000321000000320|||||||||||||||||||||
|C100|1|0|F0|55|02|001|000000033|0130400000000000191550010000000331000000335|||||||||||||||||||||
|C100|1|0|F0|55|02|001|000000034|0130400000000000191550010000000341000000340|||||||||||||||||||||
|C100|1|0|F0|55|02|001|000000035|0130400000000000191550010000000351000000356|||||||||||||||||||||
|C100|1|0|C1|55|02|001|000000036|0130400000000000191550010000000361000000361|||59.51||||59.51||||||||||||||
|C170|1|7896019606226|PRODUTO 01 DO SUBGRUPO 01 DO GRUPO 01|1.00000|1|8.57|0.00|0|000|0000|2|0.00|0.00|0.00|0.00|0.00|0.00|0|||0.00|0.00|0.00||0.00|0.00|0.00|0.00|0.00||0.00|0.00|0.00|0.00|0.00||
|C170|3|7894916143868|AMOX+CLAVUL POT 875+125MG C/14 COMP GL|1.00000|1|50.94|0.00|0|000|0000|2|0.00|0.00|0.00|0.00|0.00|0.00|0|||0.00|0.00|0.00||0.00|0.00|0.00|0.00|0.00||0.00|0.00|0.00|0.00|0.00||
|C190|000|0000|0.00|59.51|0.00|0.00|0.00|0.00|0.00|0.00||
|C100|1|0|C1|55|02|001|000000037|0130400000000000191550010000000371000000377|||8.57||||8.57||||||||||||||
|C170|1|7896019606226|PRODUTO 01 DO SUBGRUPO 01 DO GRUPO 01|1.00000|1|8.57|0.00|0|000|0000|2|0.00|0.00|0.00|0.00|0.00|0.00|0|||0.00|0.00|0.00||0.00|0.00|0.00|0.00|0.00||0.00|0.00|0.00|0.00|0.00||
|C190|000|0000|0.00|8.57|0.00|0.00|0.00|0.00|0.00|0.00||
|C100|1|0|C1|55|02|001|000000038|0130400000000000191550010000000381000000382|||||||||||||||||||||
|C100|1|0|C1|55|02|001|000000039|0130400000000000191550010000000391000000398|||8.57||||8.57||||||||||||||
|C170|1|7896019606226|PRODUTO 01 DO SUBGRUPO 01 DO GRUPO 01|1.00000|1|8.57|0.00|0|000|0000|2|0.00|0.00|0.00|0.00|0.00|0.00|0|||0.00|0.00|0.00||0.00|0.00|0.00|0.00|0.00||0.00|0.00|0.00|0.00|0.00||
|C190|000|0000|0.00|8.57|0.00|0.00|0.00|0.00|0.00|0.00||
|C100|1|0|F0|55|02|001|000000040|0130400000000000191550010000000401000000402|||||||||||||||||||||
|C100|1|0|F0|55|02|001|000000041|0130400000000000191550010000000411000000418|||||||||||||||||||||
|C100|1|0|C1|55|02|001|000000042|53130400000000000191550010000000421000000427|||9.17||||8.57|||||8.57|1.46||||0.30|0.30|||
|C170|1|7896019606226|PRODUTO 01 DO SUBGRUPO 01 DO GRUPO 01|1.00000|1|8.57|0.00|0|000|0000|2|0.00|0.00|0.00|0.00|0.00|0.00|0|||0.00|0.00|0.00||0.00|0.00|0.00|0.00|0.00||0.00|0.00|0.00|0.00|0.00||
|C190|000|0000|0.00|8.57|0.00|0.00|0.00|0.00|0.00|0.00||
|C100|1|0|F0|55|02|001|000000043|53130400000000000191550010000000431000000432|||||||||||||||||||||
|C100|1|0|F0|55|02|001|000000044|53130400000000000191550010000000441000000448|||||||||||||||||||||
|C100|1|0|C1|55|02|001|000000045|53130400000000000191550010000000451000000453|||8.94||||8.57|||||8.57|1.46||||0.07|0.30|||
|C170|1|7896019606226|PRODUTO 01 DO SUBGRUPO 01 DO GRUPO 01|1.00000|1|8.57|0.00|0|000|0000|2|0.00|0.00|0.00|0.00|0.00|0.00|0|||0.00|0.00|0.00||0.00|0.00|0.00|0.00|0.00||0.00|0.00|0.00|0.00|0.00||
|C190|000|0000|0.00|8.57|0.00|0.00|0.00|0.00|0.00|0.00||
|C100|1|0|C1|55|02|001|000000046|53130400000000000191550010000000461000000469|||||||||||||||||||||
|C170|1|7896019606226|PRODUTO 01 DO SUBGRUPO 01 DO GRUPO 01|1.00000|1|8.57|0.00|0|000|0000|2|0.00|0.00|0.00|0.00|0.00|0.00|0|||0.00|0.00|0.00||0.00|0.00|0.00|0.00|0.00||0.00|0.00|0.00|0.00|0.00||
|C170|3|7894916143868|AMOX+CLAVUL POT 875+125MG C/14 COMP GL|1.00000|1|50.94|0.00|0|000|0000|2|0.00|0.00|0.00|0.00|0.00|0.00|0|||0.00|0.00|0.00||0.00|0.00|0.00|0.00|0.00||0.00|0.00|0.00|0.00|0.00||
|C190|000|0000|0.00|59.51|0.00|0.00|0.00|0.00|0.00|0.00||
|C100|1|0|C1|55|02|001|000000047|53130400000000000191550010000000471000000474|||||||||||||||||||||
|C170|1|7896019606226|PRODUTO 01 DO SUBGRUPO 01 DO GRUPO 01|1.00000|1|8.57|0.00|0|000|0000|2|0.00|0.00|0.00|0.00|0.00|0.00|0|||0.00|0.00|0.00||0.00|0.00|0.00|0.00|0.00||0.00|0.00|0.00|0.00|0.00||
|C170|2|7894916143868|AMOX+CLAVUL POT 875+125MG C/14 COMP GL|1.00000|1|50.94|0.00|0|000|0000|2|0.00|0.00|0.00|0.00|0.00|0.00|0|||0.00|0.00|0.00||0.00|0.00|0.00|0.00|0.00||0.00|0.00|0.00|0.00|0.00||
|C190|000|0000|0.00|59.51|0.00|0.00|0.00|0.00|0.00|0.00||
|C100|1|0|C1|55|02|001|000000048|53130400000000000191550010000000481000000480|||62.05||||59.51|||||59.51|10.12||||0.45|2.09|||
|C170|1|7896019606226|PRODUTO 01 DO SUBGRUPO 01 DO GRUPO 01|1.00000|1|8.57|0.00|0|000|0000|2|0.00|0.00|0.00|0.00|0.00|0.00|0|||0.00|0.00|0.00||0.00|0.00|0.00|0.00|0.00||0.00|0.00|0.00|0.00|0.00||
|C170|2|7894916143868|AMOX+CLAVUL POT 875+125MG C/14 COMP GL|1.00000|1|50.94|0.00|0|000|0000|2|0.00|0.00|0.00|0.00|0.00|0.00|0|||0.00|0.00|0.00||0.00|0.00|0.00|0.00|0.00||0.00|0.00|0.00|0.00|0.00||
|C190|000|0000|0.00|59.51|0.00|0.00|0.00|0.00|0.00|0.00||
|C100|1|0|C1|55|02|001|000000049|53130400000000000191550010000000491000000495|||119.02||||119.02||||||||||||||
|C170|1|7896019606226|PRODUTO 01 DO SUBGRUPO 01 DO GRUPO 01|2.00000|1|17.14|0.00|0|000|0000|2|0.00|0.00|0.00|0.00|0.00|0.00|0|||0.00|0.00|0.00||0.00|0.00|0.00|0.00|0.00||0.00|0.00|0.00|0.00|0.00||
|C170|2|7894916143868|AMOX+CLAVUL POT 875+125MG C/14 COMP GL|2.00000|1|101.88|0.00|0|000|0000|2|0.00|0.00|0.00|0.00|0.00|0.00|0|||0.00|0.00|0.00||0.00|0.00|0.00|0.00|0.00||0.00|0.00|0.00|0.00|0.00||
|C190|000|0000|0.00|119.02|0.00|0.00|0.00|0.00|0.00|0.00||
|C100|1|0|C1|55|02|001|000000050|53130400000000000191550010000000501000000500|||549.03||||526.54|||||526.54|89.51||||4.00|18.48|||
|C170|1|7896019606226|PRODUTO 01 DO SUBGRUPO 01 DO GRUPO 01|2.00000|1|17.14|0.00|0|000|0000|2|0.00|0.00|0.00|0.00|0.00|0.00|0|||0.00|0.00|0.00||0.00|0.00|0.00|0.00|0.00||0.00|0.00|0.00|0.00|0.00||
|C170|2|7894916143868|AMOX+CLAVUL POT 875+125MG C/14 COMP GL|10.00000|1|509.40|0.00|0|000|0000|2|0.00|0.00|0.00|0.00|0.00|0.00|0|||0.00|0.00|0.00||0.00|0.00|0.00|0.00|0.00||0.00|0.00|0.00|0.00|0.00||
|C190|000|0000|0.00|526.54|0.00|0.00|0.00|0.00|0.00|0.00||
|C100|1|0|C1|55|02|001|000000051|53130400000000000191550010000000511000000515|||||||||||||||||||||
|C170|1|7896019606226|PRODUTO 01 DO SUBGRUPO 01 DO GRUPO 01|1.00000|1|8.57|0.00|0|000|0000|2|0.00|0.00|0.00|0.00|0.00|0.00|0|||0.00|0.00|0.00||0.00|0.00|0.00|0.00|0.00||0.00|0.00|0.00|0.00|0.00||
|C170|2|7894916143868|AMOX+CLAVUL POT 875+125MG C/14 COMP GL|1.00000|1|50.94|0.00|0|000|0000|2|0.00|0.00|0.00|0.00|0.00|0.00|0|||0.00|0.00|0.00||0.00|0.00|0.00|0.00|0.00||0.00|0.00|0.00|0.00|0.00||
|C190|000|0000|0.00|59.51|0.00|0.00|0.00|0.00|0.00|0.00||
|C100|1|0|C1|55|02|001|000000052|53130400000000000191550010000000521000000520|||62.05||||59.51|||||59.51|10.12||||0.45|2.09|||
|C170|1|7896019606226|PRODUTO 01 DO SUBGRUPO 01 DO GRUPO 01|1.00000|1|8.57|0.00|0|000|0000|2|0.00|0.00|0.00|0.00|0.00|0.00|0|||0.00|0.00|0.00||0.00|0.00|0.00|0.00|0.00||0.00|0.00|0.00|0.00|0.00||
|C170|2|7894916143868|AMOX+CLAVUL POT 875+125MG C/14 COMP GL|1.00000|1|50.94|0.00|0|000|0000|2|0.00|0.00|0.00|0.00|0.00|0.00|0|||0.00|0.00|0.00||0.00|0.00|0.00|0.00|0.00||0.00|0.00|0.00|0.00|0.00||
|C190|000|0000|0.00|59.51|0.00|0.00|0.00|0.00|0.00|0.00||
|C100|1|0|C1|55|02|001|000000053|53130400000000000191550010000000531000000536|||62.05||||59.51|||||59.51|10.12||||0.45|2.09|||
|C170|1|7896019606226|PRODUTO 01 DO SUBGRUPO 01 DO GRUPO 01|1.00000|1|8.57|0.00|0|000|0000|2|8.57|17.00|1.46|0.00|0.00|0.00|0|||0.00|0.00|0.00|01|10.03|0.65|0.00|0.00|0.07|01|10.03|3.00|0.00|0.00|0.30||
|C170|2|7894916143868|AMOX+CLAVUL POT 875+125MG C/14 COMP GL|1.00000|1|50.94|0.00|0|000|0000|2|50.94|17.00|8.66|0.00|0.00|0.00|0|||0.00|0.00|0.00|01|59.60|0.65|0.00|0.00|0.39|01|59.60|3.00|0.00|0.00|1.79||
|C190|000|0000|17.00|59.51|59.51|10.12|0.00|0.00|0.00|0.00||
|C100|1|0|C1|55|02|001|000000055|53130400000000000191550010000000551000000557|||62.05||||59.51|||||59.51|10.12||||0.45|2.09|||
|C170|1|7896019606226|PRODUTO 01 DO SUBGRUPO 01 DO GRUPO 01|1.00000|1|8.57|0.00|0|000|0000|2|0.00|0.00|0.00|0.00|0.00|0.00|0|||0.00|0.00|0.00||0.00|0.00|0.00|0.00|0.00||0.00|0.00|0.00|0.00|0.00||
|C170|2|7894916143868|AMOX+CLAVUL POT 875+125MG C/14 COMP GL|1.00000|1|50.94|0.00|0|000|0000|2|0.00|0.00|0.00|0.00|0.00|0.00|0|||0.00|0.00|0.00||0.00|0.00|0.00|0.00|0.00||0.00|0.00|0.00|0.00|0.00||
|C190|000|0000|0.00|59.51|0.00|0.00|0.00|0.00|0.00|0.00||
|C100|1|0|C1|55|02|001|000000056|53130400000000000191550010000000561000000562|||8.94||||8.57|||||8.57|1.46||||0.07|0.30|||
|C170|1|7896019606226|PRODUTO 01 DO SUBGRUPO 01 DO GRUPO 01|1.00000|1|8.57|0.00|0|000|0000|2|0.00|0.00|0.00|0.00|0.00|0.00|0|||0.00|0.00|0.00||0.00|0.00|0.00|0.00|0.00||0.00|0.00|0.00|0.00|0.00||
|C190|000|0000|0.00|8.57|0.00|0.00|0.00|0.00|0.00|0.00||
|C100|1|0|C1|55|02|001|000000057|53130400000000000191550010000000571000000578|||8.94||||8.57|||||8.57|1.46||||0.07|0.30|||
|C170|1|7896019606226|PRODUTO 01 DO SUBGRUPO 01 DO GRUPO 01|1.00000|1|8.57|0.00|0|000|0000|2|0.00|0.00|0.00|0.00|0.00|0.00|0|||0.00|0.00|0.00||0.00|0.00|0.00|0.00|0.00||0.00|0.00|0.00|0.00|0.00||
|C190|000|0000|0.00|8.57|0.00|0.00|0.00|0.00|0.00|0.00||
|C100|1|0|C1|55|02|001|000000058|53130400000000000191550010000000581000000583|||8.94||||8.57|||||8.57|1.46||||0.07|0.30|||
|C170|1|7896019606226|PRODUTO 01 DO SUBGRUPO 01 DO GRUPO 01|1.00000|1|8.57|0.00|0|000|0000|2|0.00|0.00|0.00|0.00|0.00|0.00|0|||0.00|0.00|0.00||0.00|0.00|0.00|0.00|0.00||0.00|0.00|0.00|0.00|0.00||
|C190|000|0000|0.00|8.57|0.00|0.00|0.00|0.00|0.00|0.00||
|C100|1|0|F0|55|02|001|000000059|53130400000000000191550010000000591000000599|||||||||||||||||||||
|C100|1|0|C2|55|02|001|000000060|53130400000000000191550010000000601000000603|||8.57||||8.57||||||||||||||
|C170|1|7896019606226|PRODUTO 01 DO SUBGRUPO 01 DO GRUPO 01|1.00000|1|8.57|0.00|0|000|0000|2|0.00|0.00|0.00|0.00|0.00|0.00|0|||0.00|0.00|0.00||0.00|0.00|0.00|0.00|0.00||0.00|0.00|0.00|0.00|0.00||
|C190|000|0000|0.00|8.57|0.00|0.00|0.00|0.00|0.00|0.00||
|C100|1|0|C2|55|02|001|000000061|53130400000000000191550010000000611000000619|||8.94||||8.57|||||8.57|1.46||||0.07|0.30|||
|C170|1|7896019606226|PRODUTO 01 DO SUBGRUPO 01 DO GRUPO 01|1.00000|1|8.57|0.00|0|000|0000|2|0.00|0.00|0.00|0.00|0.00|0.00|0|||0.00|0.00|0.00||0.00|0.00|0.00|0.00|0.00||0.00|0.00|0.00|0.00|0.00||
|C190|000|0000|0.00|8.57|0.00|0.00|0.00|0.00|0.00|0.00||
|C100|1|0|C2|55|02|001|000000062|53130400000000000191550010000000621000000624|||8.94||||8.57|||||8.57|1.46||||0.07|0.30|||
|C170|1|7896019606226|PRODUTO 01 DO SUBGRUPO 01 DO GRUPO 01|1.00000|1|8.57|0.00|0|000|0000|2|0.00|0.00|0.00|0.00|0.00|0.00|0|||0.00|0.00|0.00||0.00|0.00|0.00|0.00|0.00||0.00|0.00|0.00|0.00|0.00||
|C190|000|0000|0.00|8.57|0.00|0.00|0.00|0.00|0.00|0.00||
|C100|1|0|C2|55|02|001|000000063|53130400000000000191550010000000631000000630|||8.94||||8.57|||||8.57|1.46||||0.07|0.30|||
|C170|1|7896019606226|PRODUTO 01 DO SUBGRUPO 01 DO GRUPO 01|1.00000|1|8.57|0.00|0|000|0000|2|0.00|0.00|0.00|0.00|0.00|0.00|0|||0.00|0.00|0.00||0.00|0.00|0.00|0.00|0.00||0.00|0.00|0.00|0.00|0.00||
|C190|000|0000|0.00|8.57|0.00|0.00|0.00|0.00|0.00|0.00||
|C400|2D|MP-2100 TH FI|EMULADOR|1|
|C400|2D|FS-600|DR0206BR000000091632|2|
|C400|2D|IF ST200|00000000000000000001|3|
|C400|2D|X5|999999999|4|
|C400|2D|TM-T81 FBII|EP050975610000043777|5|
|C990|130|
|D001|1|
|D990|2|
|E001|0|
|E100|01012013|31122013|
|E110|0.00|0.00|0.00|0.00|0.00|0.00|0.00|0.00|0.00|0.00|0.00|0.00|0.00|0.00|
|E990|4|
|G001|1|
|G990|2|
|H001|0|
|H005|31122013|2407.30|02|
|H010|1|1|51.00|4.00|204.00|0||||
|H010|2|2|13.00|40.00|520.00|0||||
|H010|3|1|29.00|23.77|689.33|0||||
|H010|4|1|8.00|4.94|39.52|0||||
|H010|5|1|4.00|6.10|24.40|0||||
|H010|6|1|9.00|7.56|68.04|0||||
|H010|7|1|3.00|2.21|6.63|0||||
|H010|8|1|12.00|18.80|225.60|0||||
|H010|9|1|12.00|16.84|202.08|0||||
|H010|10|1|6.00|2.44|14.64|0||||
|H010|11|1|6.00|14.52|87.12|0||||
|H010|12|1|3.00|7.26|21.78|0||||
|H010|13|1|3.00|13.56|40.68|0||||
|H010|14|1|3.00|8.65|25.95|0||||
|H010|15|1|9.00|17.10|153.90|0||||
|H010|16|1|4.00|15.56|62.24|0||||
|H010|17|1|3.00|7.13|21.39|0||||
|H990|20|
|1001|0|
|1010|N|N|N|N|N|N|N|N|N|
|1990|3|
|9001|0|
|9900|0000|1|
|9900|0001|1|
|9900|0005|1|
|9900|0100|1|
|9900|0150|4|
|9900|0190|2|
|9900|0200|8|
|9900|0400|7|
|9900|0990|1|
|9900|C001|1|
|9900|C100|50|
|9900|C170|44|
|9900|C190|29|
|9900|C400|5|
|9900|C990|1|
|9900|D001|1|
|9900|D990|1|
|9900|E001|1|
|9900|E100|1|
|9900|E110|1|
|9900|E990|1|
|9900|G001|1|
|9900|G990|1|
|9900|H001|1|
|9900|H005|1|
|9900|H010|17|
|9900|H990|1|
|9900|1001|1|
|9900|1010|1|
|9900|1990|1|
|9900|9001|1|
|9900|9900|34|
|9900|9990|1|
|9900|9999|1|
|9990|37|
|9999|224|
