|0000|001|0|01012013|31122013|EMPRESA MATRIZ PARA TESTES|00000000000191||DF|0751990400114|5300108|0751990400114||A|1|
|0001|0|
|0005|EMPRESA PARA TESTES|60763588|RUA DA EMPRESA|123|COMPLMENTO|BAIRRO|6130425277||testes@empresateste.com|
|0100||11111111111|666999||00000000||||||||0000000|
|0150|00000000000191|TESTE PESSOA JURIDICA|01058|00000000000191||ISENTO|5300108||RUA JA|12|CLOMPLEMET|BAIRRO|
|0150|11111111111|TESTE PESSOA FISICA|01058||11111111111|ISENTO|5300108||RUA JU|123|COMP|BAI|
|0190|1|UN|
|0190|2|UN|
|0200|1|PRODUTO 01 DO SUBGRUPO 01 DO GRUPO 01|7896019606226||1|00|17049010||17||17.00|
|0200|2|PRODUTO 01 DO SUBGRUPO 02 DO GRUPO 01|7897975018016||2|00|48234000||48||15.00|
|0200|3|AMOX+CLAVUL POT 875+125MG C/14 COMP GL|7894916143868||1|00|30041012||30||0.00|
|0200|4|CENEVIT 200MG GOTAS FR 30ML|7896004720333||1|00|30045090||30||0.00|
|0200|5|CLOR RANITIDINA 150MG XPE FR 120ML - GL|7894916143738||1|00|30042059||30||0.00|
|0200|6|DIMETICONA 40MG C/20 COMP - GL|7894916143103||1|00|30049099||30||0.00|
|0200|7|DIPIRONA SODICA 50MG/ML SOL C/100ML - GL|7894916143448||1|00|30049099||30||0.00|
|0200|16|REPOFLOR 100MG C/12 CAPS|7896004715247||1|00|30049099||30||0.00|
|0990|17|
|C001|1|
|C990|2|
|D001|1|
|D990|2|
|E001|0|
|E100|01012013|31122013|
|E110|0.00|0.00|0.00|0.00|0.00|0.00|0.00|0.00|0.00|0.00|0.00|0.00|0.00|0.00|
|E990|4|
|G001|1|
|G990|2|
|H001|1|
|H990|2|
|1001|1|
|1990|2|
|9001|0|
|9900|0000|1|
|9900|0001|1|
|9900|0005|1|
|9900|0100|1|
|9900|0150|2|
|9900|0190|2|
|9900|0200|8|
|9900|0990|1|
|9900|C001|1|
|9900|C990|1|
|9900|D001|1|
|9900|D990|1|
|9900|E001|1|
|9900|E100|1|
|9900|E110|1|
|9900|E990|1|
|9900|G001|1|
|9900|G990|1|
|9900|H001|1|
|9900|H990|1|
|9900|1001|1|
|9900|1990|1|
|9900|9001|1|
|9900|9900|26|
|9900|9990|1|
|9900|9999|1|
|9990|29|
|9999|60|
