|0000|001|0|01012013|31012013|EMPRESA MATRIZ PARA TESTES|00000000000191||DF|0751990400114|5300108|0751990400114||A|1|
|0001|0|
|0005|EMPRESA PARA TESTES|60763588|RUA DA EMPRESA|123|COMPLMENTO|BAIRRO|6130425277||testes@empresateste.com|
|0100||11111111111|666999||00000000||||||||0000000|
|0190|1|UN|
|0190|2|UN|
|0190|3|KG|
|0190|4|CX|
|0190|5|VD|
|0190|6|MT|
|0190|7|M2|
|0190|8|M3|
|0190|9|LT|
|0190|10|PÇ|
|0190|11|JG|
|0190|12|GR|
|0190|13|KT|
|0190|14|RL|
|0190|15|PT|
|0190|16|FL|
|0190|17|FR|
|0190|18|SC|
|0190|19|CM|
|0190|20|LA|
|0190|21|DB|
|0190|22|PA|
|0990|27|
|C001|1|
|C990|2|
|D001|1|
|D990|2|
|E001|0|
|E100|01012013|31012013|
|E110|0.00|0.00|0.00|0.00|0.00|0.00|0.00|0.00|0.00|0.00|0.00|0.00|0.00|0.00|
|E990|4|
|G001|1|
|G990|2|
|H001|1|
|H990|2|
|1001|1|
|1990|2|
|9001|0|
|9900|0000|1|
|9900|0001|1|
|9900|0005|1|
|9900|0100|1|
|9900|0190|22|
|9900|0990|1|
|9900|C001|1|
|9900|C990|1|
|9900|D001|1|
|9900|D990|1|
|9900|E001|1|
|9900|E100|1|
|9900|E110|1|
|9900|E990|1|
|9900|G001|1|
|9900|G990|1|
|9900|H001|1|
|9900|H990|1|
|9900|1001|1|
|9900|1990|1|
|9900|9001|1|
|9900|9900|24|
|9900|9990|1|
|9900|9999|1|
|9990|27|
|9999|68|
