|0000|LECD|01052013|31052013|EMPRESA MATRIZ PARA TESTES|00000000000191|53||5300108||0|
|0001|0|
|0990|3|
|I001|0|
|I010|G|1.00|
|I030|TERMO DE ABERTURA|123|LIVRO DIARIO|000000051|EMPRESA MATRIZ PARA TESTES|00000125666|00000000000191|01012000||CIDADE|
|I050|01012013|01|S|3|1||ATIVO|
|I051|00|||
|I050||01|S|3|1.01||ATIVO CIRCULANTE|
|I051|00|||
|I050||01|S|3|1.02||ATIVO TESTE|
|I051|00|||
|I075|1|teste|
|I075|2|outro historico|
|I150|01012012|31012012|
|I155|1.001.0001.00001||0.00|D|3500.00|3500.00|0.00|D|
|I200|1|05052013|1500.00|N|
|I250|1.001.0001.00001||50.00|C||0|teste||
|I250|1.001.0001.00001||50.00|C||0|teste||
|I250|1.001.0001.00001||50.00|C||0|teste||
|I990|18|
|J001|0|
|J900|TERMO DE ENCERRAMENTO|123|DIARIO GERAL|EMPRESA MATRIZ PARA TESTES|000000051|01052013|31052013|
|J930||11111111111|Contador|900|00000666999|
|J930|REPRESENTANTE LEGAL|11111111111|Diretor|203|00000000000|
|J990|5|
|9001|1|
|9900|0000|1|
|9900|0001|1|
|9900|0990|1|
|9900|I001|1|
|9900|I010|1|
|9900|I030|1|
|9900|I050|3|
|9900|I051|3|
|9900|I075|2|
|9900|I150|1|
|9900|I155|1|
|9900|I200|1|
|9900|I250|3|
|9900|I990|1|
|9900|J001|1|
|9900|J900|1|
|9900|J930|2|
|9900|J990|1|
|9900|9001|1|
|9900|9900|22|
|9900|9990|1|
|9900|9999|1|
|9990|25|
|9999|51|
