|0000|007|0|02052013|02052013|EMPRESA MATRIZ PARA TESTES|00000000000191||DF|0751990400114|5300108|0751990400114||A|1|
|0001|0|
|0005|EMPRESA PARA TESTES|60763588|RUA DA EMPRESA|123|COMPLMENTO|BAIRRO|6130425277||testes@empresateste.com|
|0100||11111111111|666999||00000000||||||||0000000|
|0990|5|
|C001|1|
|C990|2|
|D001|1|
|D990|2|
|E001|0|
|E100|02052013|02052013|
|E110|0.00|0.00|0.00|0.00|0.00|0.00|0.00|0.00|0.00|0.00|0.00|0.00|0.00|0.00|
|E990|4|
|G001|1|
|G990|2|
|H001|1|
|H990|2|
|1001|1|
|1990|2|
|9001|0|
|9900|0000|1|
|9900|0001|1|
|9900|0005|1|
|9900|0100|1|
|9900|0990|1|
|9900|C001|1|
|9900|C990|1|
|9900|D001|1|
|9900|D990|1|
|9900|E001|1|
|9900|E100|1|
|9900|E110|1|
|9900|E990|1|
|9900|G001|1|
|9900|G990|1|
|9900|H001|1|
|9900|H990|1|
|9900|1001|1|
|9900|1990|1|
|9900|9001|1|
|9900|9900|23|
|9900|9990|1|
|9900|9999|1|
|9990|26|
|9999|45|
