|0000|007|0|08052013|08052013|EMPRESA MATRIZ PARA TESTES|00000000000191||DF|0751990400114|5300108|0751990400114||A|1|
|0001|0|
|0005|EMPRESA PARA TESTES|60763588|RUA DA EMPRESA|123|COMPLMENTO|BAIRRO|6130425277||testes@empresateste.com|
|0100||11111111111|666999||00000000||||||||0000000|
|0400|1|VENDA|
|0400|2|VENDA|
|0400|3|VENDA|
|0400|4|VENDA|
|0400|5|VENDA|
|0400|6|PRESTACAO DE SERVICO|
|0400|7|PRESTACAO DE SERVICO|
|0990|12|
|C001|0|
|C400|2D|MP-2100 TH FI|EMULADOR|1|
|C400|2D|FS-600|DR0206BR000000091632|2|
|C400|2D|IF ST200|00000000000000000001|3|
|C400|2D|X5|999999999|4|
|C400|2D|TM-T81 FBII|EP050975610000043777|5|
|C990|7|
|D001|1|
|D990|2|
|E001|0|
|E100|08052013|08052013|
|E110|0.00|0.00|0.00|0.00|0.00|0.00|0.00|0.00|0.00|0.00|0.00|0.00|0.00|0.00|
|E990|4|
|G001|1|
|G990|2|
|H001|1|
|H990|2|
|1001|1|
|1990|2|
|9001|0|
|9900|0000|1|
|9900|0001|1|
|9900|0005|1|
|9900|0100|1|
|9900|0400|7|
|9900|0990|1|
|9900|C001|1|
|9900|C400|5|
|9900|C990|1|
|9900|D001|1|
|9900|D990|1|
|9900|E001|1|
|9900|E100|1|
|9900|E110|1|
|9900|E990|1|
|9900|G001|1|
|9900|G990|1|
|9900|H001|1|
|9900|H990|1|
|9900|1001|1|
|9900|1990|1|
|9900|9001|1|
|9900|9900|25|
|9900|9990|1|
|9900|9999|1|
|9990|28|
|9999|59|
